3284 5272
249 746 309 822 λας
330 745 428 821 αὐτὸς
444 743 668 839 ἀποπηδήσας
688 749 745 812 τοῦ
769 742 869 811 ἵππου

250 864 302 934 καὶ
334 870 472 959 σημεῖον
511 861 708 960 ἀναρπάσας
749 859 869 932 ὠθεῖτο

251 983 303 1054 διὰ
325 989 391 1053 τῶν
415 983 604 1078 φευγόντων
624 985 668 1061 εἰς
681 981 757 1060 τοὺς
774 981 870 1051 πολε-

253 1105 363 1198 μίους,
389 1104 487 1203 βοῶν·
517 1104 590 1195 ἐμοὶ
616 1104 675 1197 μὲν
703 1101 791 1176 κτὲ.”

373 1275 451 1338 Tali
474 1284 590 1338 autem
613 1276 715 1338 modo
738 1276 805 1339 iarn
821 1277 957 1358 saepius
973 1276 1174 1359 Appianum
1189 1286 1225 1340 et
1247 1277 1466 1340 Plutarchum

328 1393 417 1456 inter
440 1413 477 1455 se
501 1392 752 1456 consentientes
775 1393 1072 1486 deprehendimus.
1119 1386 1217 1475 Quae
1233 1413 1315 1456 uero
1342 1394 1406 1455 etsi
1421 1393 1467 1455 ita

329 1529 404 1571 sese
429 1508 574 1582 habent,
599 1517 813 1572 tamencum
837 1509 930 1572 etin
952 1509 1165 1592 grauissimis
1192 1511 1294 1572 rebus
1322 1529 1467 1571 comme·

329 1625 501 1687 morandis
525 1624 669 1687 alterum
692 1626 737 1686 ab
760 1625 870 1688 altero
902 1625 1005 1707 plane
1029 1625 1280 1707 discrepantem
1302 1625 1466 1688 inueneri-

328 1760 403 1801 mus
438 1749 473 1801 et
506 1739 630 1802 frustra
664 1741 756 1820 apud
791 1739 990 1822 Appianum
1022 1759 1080 1803 eas
1108 1740 1376 1821 quaesiuerimus
1398 1753 1466 1813 res',

330 1875 415 1937 quas
430 1855 634 1918 Plutarchus
646 1865 764 1937 aperte
789 1877 809 1918 e
821 1855 919 1920 Sulla
939 1856 1068 1931 hausit,
1088 1877 1288 1938 persuasum
1303 1857 1386 1918 mihi
1402 1863 1466 1930 est,

331 1971 529 2053 Appianum
540 1991 651 2052 neque
660 1970 793 2035 Sullam
803 1993 915 2054 neque
923 1972 1147 2035 Plutarchum
1160 1973 1271 2054 ipsum
1278 1992 1467 2053 usurpasse.

375 2088 415 2150 In
438 2108 582 2153 summa:
607 2088 777 2152 Arrmuus
800 2087 923 2152 ΜίίΙια.
948 2111 1080 2168 30—40
1097 2089 1282 2153 Posidonio
1298 2110 1378 2152 usus
1394 2110 1468 2152 esse

330 2203 471 2266 uidetur.
517 2203 734 2285 Argumenta
760 2204 896 2278 desunt,
925 2204 1048 2286 quibus
1078 2204 1151 2266 nixi
1178 2203 1313 2266 Liuium
1340 2202 1468 2265 fontem

329 2321 518 2381 habeamus
546 2319 688 2381 Amnon
711 2317 834 2383 Mzffir.
859 2339 1000 2397 41—45.
1047 2319 1201 2382 Tandem
1230 2319 1347 2382 Liuius
1375 2319 1468 2381 nullo

331 2435 433 2496 modo
449 2436 493 2497 ab
510 2434 662 2497 Arriano
673 2435 845 2510 adhibitus
857 2445 910 2498 est
922 2433 1045 2499 Μαῖαν.
1059 2455 1203 2514 45-50.
1226 2435 1342 2497 Nihilo
1358 2435 1470 2516 magis

331 2552 533 2616 Plutarchus
556 2553 612 2614 uel
637 2551 734 2616 Sulla
756 2553 789 2615 ei
813 2554 907 2616 hisce
924 2553 1009 2616 locis
1025 2562 1184 2616 auctores
1198 2551 1345 2615 fuerunt.
1383 2551 1470 2614 Mihi

332 2677 446 2730 autem
480 2665 602 2732 Μαῖαν.
626 2689 759 2746 41—50
794 2689 841 2731 ex
876 2669 999 2731 eodem
1033 2667 1127 2732 fonte
1150 2668 1290 2731 fluxisse
1313 2668 1471 2730 uidentur

333 2804 377 2846 ac.
396 2780 519 2846 Mrffir.
541 2805 681 2861 30-40.

377 2895 530 2963 Caeteris
553 2899 643 2961 enim
666 2900 887 2981 scriptoribus
910 2898 1079 2974 neentis,
1096 2921 1117 2962 a
1132 2899 1340 2962 Mithradate
1355 2901 1391 2961 in
1402 2920 1470 2962 ser-

216 3078 220 3086 ,
333 3016 475 3078 uitutem
509 3015 635 3088 missis,
660 3016 852 3079 tacentibus
867 3015 1048 3097 Appianus
1072 3036 1157 3078 unus
1174 3016 1350 3078 historiam
1367 3016 1470 3096 plene

333 3141 459 3207 narrat,
489 3152 592 3214 quam
623 3132 868 3212 breuissimee
891 3132 1035 3196 Nicolao
1064 3133 1281 3196 Damasceno
1305 3142 1340 3196 et
1362 3153 1382 3194 e
1405 3133 1471 3194 Po-

334 3248 464 3310 sidonio
488 3249 628 3312 Rhodio
642 3244 662 3329 ¹)
685 3249 824 3312 citatam
851 3250 942 3331 apud
966 3249 1186 3312 Athenaeum
1203 3249 1360 3331 legimus,
1405 3249 1471 3311 Lo·

336 3385 395 3428 cus
433 3365 585 3447 Appiani
620 3374 672 3428 est
715 3364 837 3428 Miffzr.
873 3370 932 3443 46,
968 3386 1024 3445 47;
1064 3366 1161 3430 locus
1198 3365 1373 3428 Athenaei
1410 3365 1471 3427 Vr.

334 3501 367 3563 p.
392 3486 454 3544 266
479 3502 513 3556 e,
536 3480 648 3563 f(uid.
679 3503 711 3564 p.
746 3482 805 3562 79).
852 3480 881 3543 E
908 3482 1163 3564 loco-Appiani
1186 3483 1295 3544 solum
1319 3479 1471 3543 adferam

334 3596 420 3658 haec
448 3597 569 3658 uerba:
599 3594 681 3658 ΑΡΡ.
707 3617 746 3675 47
777 3606 862 3658 extr.
897 3587 1108 3682 „uiuduuucor
1135 3590 1162 3659 δ’
1189 3591 1223 3667 ἐς
1249 3585 1470 3686 Μιθραδάτην

333 3707 502 3803 γενόμενοι
529 3706 787 3805 διεπέμφθησαν
815 3710 848 3786 ἐς
874 3710 930 3778 τον
958 3707 1083 3780 Πόντον
1114 3711 1171 3779 τὸν
1198 3705 1363 3788 Εὔξεινον.
1418 3709 1472 3778 καὶ

334 3825 407 3898 Χῖοι
435 3828 495 3921 μὲν
523 3829 588 3898 ὧδε
616 3826 871 3925 ἐπεπράχεσαν”
888 3827 919 3906 ²).

380 4156 400 4238 ¹)
421 4156 614 4218 Posidonium
644 4156 675 4215 in
697 4156 837 4234 operibus
865 4156 925 4217 suis
946 4155 1093 4217 historicis
1114 4159 1284 4217 Romanam
1316 4155 1471 4216 historiam

331 4253 452 4332 copiose
473 4266 632 4330 tractasse,
654 4275 671 4315 e
693 4255 866 4334 fragmentis
887 4256 1021 4333 adparet.
1045 4257 1090 4315 Cf.
1113 4256 1271 4327 Murcum,
1281 4257 1334 4333 fg.
1350 4259 1394 4313 H.
1413 4255 1471 4314 Gr.

331 4355 399 4413 Vol.
420 4357 474 4413 III.
492 4376 521 4431 p.
546 4372 620 4432 255,
641 4357 715 4428 261,
738 4359 812 4432 265,
840 4359 912 4427 266,
933 4373 990 4428 270
1012 4374 1076 4431 sqq.
1118 4357 1276 4413 Praeterea
1308 4355 1345 4413 cf.
1367 4356 1471 4426 Banu,

332 4454 491 4512 Posidonii
509 4455 575 4512 rell.
596 4473 626 4529 p.
653 4457 790 4530 169-17
796 4470 821 4528 5.

375 4553 398 4634 ¹³)
419 4551 566 4611 Vitiosum
597 4562 833 4638 ἐπεπράχεσαν,
878 4551 1058 4612 Emendauit
1086 4570 1149 4611 vsu
1177 4553 1394 4625 Hanwanuuu,
1419 4553 1473 4609 lec-
