3284 5272
900 555 961 610 104

362 738 504 809 quartae
539 726 657 792 Sullae
688 727 843 809 coniugis
860 722 889 807 ¹).
936 728 1032 790 Tunc
1064 736 1179 791 autem
1209 737 1316 810 nupta
1338 727 1393 791 Μ’.
1417 727 1493 792 Gla-

362 845 472 909 brioni
499 855 534 908 et
568 845 705 927 quidem
738 863 934 926 praegnans
968 844 1129 926 adempta
1162 845 1285 909 marito
1320 854 1373 908 est
1395 845 1493 908 Pom·

361 962 509 1044 peioque
533 961 721 1026 coniuncta.
751 959 847 1026 Obiit
861 980 945 1024 uero
960 960 1078 1042 paullo
1094 969 1173 1043 post
1189 962 1282 1042 apud
1296 961 1495 1043 Pompeium

362 1079 397 1140 in
419 1088 528 1160 partu.

405 1192 681 1258 Interficiendum
716 1194 846 1258 curauit
879 1191 979 1258 Sulla
1001 1193 1196 1258 Lucretium
1219 1191 1383 1269 Ofellam,
1418 1215 1494 1258 con-

362 1311 512 1374 sulatum
534 1319 711 1392 petentem
733 1309 806 1393 (33).

379 1427 593 1509 ·'Triumpho
617 1426 797 1508 splendido
821 1433 899 1490 acto
923 1424 1022 1490 Sulla
1043 1445 1081 1489 se
1104 1425 1256 1490 Felicem
1272 1421 1300 1512 ²)
1324 1427 1495 1508 cognomi-

361 1543 435 1606 nari
463 1543 559 1606 iussit
588 1544 633 1606 ob
662 1563 717 1606 res
747 1551 818 1605 tam
841 1561 1004 1623 prospere
1028 1550 1155 1624 gestas,
1201 1541 1280 1624 Ipse
1304 1542 1339 1604 in
1361 1542 1495 1618 litteris,

361 1680 447 1742 quas
469 1659 504 1722 in
525 1657 706 1724 Graeciam
729 1659 901 1733 mittebat,
931 1678 969 1722 se
993 1657 1267 1740 Epaphroditum
1290 1659 1494 1740 adpellabat.

363 1775 472 1862 Addit
495 1776 713 1851 PlutarchuS,
736 1775 771 1838 in
793 1775 943 1856 tropaeis
959 1775 1031 1838 eius
1047 1776 1138 1857 apud
1162 1796 1199 1838 se
1222 1775 1385 1857 scriptum
1405 1796 1494 1839 esse:

364 1879 563 1956 ΛΕΥΚΙΟΣ
590 1877 855 1964 ΚΟΡΝΗΛΙΟΣ
882 1878 1065 1955 ΣΥΛΛΑΣ
1091 1879 1410 1956 ΕΠΑΦΡΟΔΙΤΟΣ.

407 2011 547 2094 Peperit
569 2010 713 2075 Metella
735 2011 919 2094 gemellos
954 2011 1078 2093 quibus
1110 2009 1207 2075 Sulla
1235 2032 1361 2075 nomen
1383 2013 1494 2087 dedit,

361 2129 513 2193 masculo
536 2127 681 2204 Fausto,
703 2126 863 2192 femellae
886 2127 1035 2192 Faustae
1049 2131 1084 2206 3).
1129 2127 1317 2193 Abdicauit
1339 2150 1377 2192 se
1393 2130 1494 2194 dicta·

362 2255 438 2309 tura
461 2252 496 2308 et
518 2253 725 2326 potestatem
749 2243 917 2308 concessit
945 2244 1074 2325 populo
1105 2244 1318 2308 comitiorum
1342 2245 1495 2308 consula-

361 2362 447 2424 rium
469 2362 705 2423 habendorum
728 2359 800 2442 (34).

407 2475 505 2541 Sulla
526 2477 577 2540 rei
599 2497 682 2540 suae
705 2475 880 2540 familiaris
903 2475 1072 2540 decimam
1095 2485 1230 2558 partem
1254 2475 1396 2540 Herculi
1417 2497 1495 2541 con-

363 2593 519 2658 secrauit.
563 2592 677 2674 Epula
707 2590 890 2675 magnifica
920 2611 983 2674 per
1013 2593 1129 2674 plures
1152 2593 1226 2656 dies
1247 2594 1414 2674 producta
1435 2612 1495 2675 po·

363 2710 446 2792 pulo
462 2710 624 2773 exhibuit.
648 2708 793 2773 Metella
806 2729 895 2772 uxor
906 2730 952 2773 ex
963 2710 1083 2773 morbo
1096 2709 1186 2773 diem
1199 2710 1283 2774 obiit
1294 2729 1493 2792 supremum.

363 2825 487 2889 Paucis
521 2836 599 2907 post
636 2826 808 2889 mensibus
841 2825 876 2887 in
911 2825 1108 2906 spectaculo
1146 2826 1375 2910 gladiatorum
1413 2826 1495 2889 uidit

363 2941 540 3004 Valeriam
562 2941 691 3005 formae
723 2940 892 3023 elegantis
921 2949 956 3004 et
978 2939 1128 3004 familiae
1157 2941 1357 3022 splendidae
1379 2931 1494 3004 mulie-

363 3078 450 3133 rem,
467 3057 642 3121 Hortensii
658 3057 800 3121 oratoris
815 3077 982 3132 sororem,
999 3056 1183 3122 Messallae
1198 3055 1303 3121 filiam
1313 3056 1337 3139 ⁴)
1353 3076 1492 3141 eamque

363 3194 507 3238 uxorem
530 3173 628 3237 duxit
651 3172 723 3253 (35).

367 3379 572 3388 ———---

411 3494 431 3576 ¹)
452 3495 497 3554 Cl.
519 3514 549 3571 p.
573 3514 620 3552 το.
642 3527 681 3538 -—
703 3494 886 3567 DRUMANN,
907 3495 960 3551 IV.
982 3512 1011 3569 p.
1036 3495 1093 3570 556
1116 3511 1158 3570 sq.
1181 3501 1211 3554 et
1230 3501 1292 3552 not.
1317 3509 1364 3570 55.
1387 3497 1433 3569 56.

408 3593 433 3675 ²)
453 3595 548 3654 PLUT.
570 3593 676 3654 habet:
699 3591 891 3674 „r'us'irvoro
908 3597 1026 3658 ἑαυτὸν
1044 3593 1173 3680 Εὐτυχῆ
1187 3600 1491 3676 προςαγορττῐτσθαι.

364 3713 458 3772 τοῦτο
490 3708 550 3785 γὰρ
581 3703 600 3764 ὁ
630 3698 734 3784 Φῆλιξ
762 3699 883 3783 μάλιςα
915 3705 1067 3788 βούλεται
1093 3700 1241 3784 δηλοῦν.”
1280 3702 1376 3760 PLUT·
1397 3699 1491 3778 igitur,

363 3807 501 3868 Latinum
524 3808 702 3867 uocabulum
722 3809 801 3880 felix
821 3827 875 3885 per
897 3809 1030 3894 εὐτυχὴς
1052 3817 1180 3880 uertens,
1191 3815 1260 3866 ante
1280 3808 1383 3867 oculos
1393 3805 1492 3868 habuit

364 3912 593 3976 commentarios
613 3913 702 3974 latine
723 3914 917 3992 conscriptos.
948 3916 992 3975 Cf.
1015 3933 1148 3992 prooem.
1169 3935 1199 3992 p.
1223 3935 1238 3973 2
1260 3924 1323 3974 not.
1346 3936 1373 3988 4.

406 4013 430 4096 ³)
451 4017 548 4082 LOCUS
568 4023 627 4074 est:
651 4015 720 4098 „i'rt
739 4014 773 4078 δὲ
795 4027 849 4099 τῆς
867 4013 1038 4099 Μετέλλης
1055 4014 1174 4081 παιδία
1190 4021 1341 4098 τεκούσης
1358 4014 1489 4097 δίδυμα,

365 4130 400 4191 τὸ
424 4126 482 4209 μὲν
506 4131 602 4208 ἄρρεν
628 4127 773 4204 Φαῦςον,
792 4128 826 4189 τὸ
845 4122 878 4190 δὲ
898 4125 984 4207 θῆλυ
1003 4129 1138 4198 Φαῦςαν
1155 4121 1348 4206 ὠνόμασεν”.
1379 4120 1489 4196 Quibus

364 4227 462 4291 uerbis
482 4230 556 4288 haec
576 4227 661 4289 addit
681 4235 740 4306 ,,τὸ
764 4237 824 4314 γὰρ
849 4231 979 4318 εὐτυχὲς
1004 4235 1058 4295 καὶ
1085 4228 1196 4315 ἱλαρὸν
1209 4238 1356 4312 Ρωμαῖοι
1370 4237 1487 4314 unirer

366 4336 547 4405 salonam?
586 4335 683 4396 Vertit
703 4334 793 4414 igitur
813 4337 912 4397 denuo
932 4336 1072 4397 Latinum
1093 4337 1288 4411 uocabulum,
1311 4335 1394 4396 cuius
1407 4335 1488 4414 signi-

364 4442 531 4503 ficationem
552 4444 684 4503 Graecos
703 4441 829 4500 lectores
849 4459 909 4502 non
930 4442 1097 4521 intellegere
1118 4441 1274 4504 enstimat.

408 4539 826 4623 ⁴)Pmr.1.1.:M÷00atta
849 4549 908 4627 γὰρ
937 4539 976 4626 ἦν
1003 4551 1168 4627 θυγάτηρ,
1192 4541 1361 4627 Ὁρτησίου
1386 4543 1418 4607 δὲ
1435 4547 1485 4607 τοῦ
