3286 5272
891 484 926 543 18

337 677 499 770 κύλπιυμα
526 683 592 746 τῶν
621 677 751 768 μέσων,
781 670 892 772 ὥςπερ
919 671 1037 744 εἴωθεν
1066 676 1100 744 ἐν
1129 671 1283 767 μεγάλοις
1298 669 1473 765 μετώποις,

338 797 621 897 ,,λαμβανάντων,
650 792 737 865 οὕτω
766 795 923 892 διαςῆσαι
949 793 1009 872 τὰς
1036 791 1219 886 δυνάμεις.”

381 923 429 988 ld.
453 923 546 986 Mar.
572 929 628 986 26:
653 913 844 1010 ,,Ἐνταύθα
864 919 882 985 ὁ
905 909 1036 1012 Μάριος
1056 912 1173 994 εὔξατο
1197 920 1263 991 τοῖς
1282 911 1371 990 θεοῖς
1391 910 1474 981 κατὰ

339 1036 564 1136 ,ἑκατόμβης
606 1033 723 1116 εὔξατο
763 1036 799 1106 δὲ
834 1036 886 1106 καλ
919 1031 1062 1113 Κάτλος.
1094 1037 1149 1105 τδν
1190 1034 1226 1104 δὲ
1260 1027 1388 1131 Μάριον
1424 1032 1475 1100 καὶ

338 1156 511 1251 ,θύσαντα
526 1157 667 1251 λέγεται,
687 1163 752 1226 τῶν
768 1160 864 1253 ἱερῶν
879 1155 972 1251 αύτῖρ
987 1153 1197 1251 δειχθέντων,
1219 1155 1329 1247 μέγα
1355 1151 1475 1247 φθεγ-

339 1277 548 1372 ,,Εάμενον
589 1280 704 1347 εἰπεῐνε
752 1278 856 1371 ,ἐμὴ
897 1279 921 1372 ἡ
962 1274 1088 1372 νίκη.”
1128 1276 1310 1370 γενομένης
1346 1273 1382 1342 δὲ
1416 1279 1477 1368 τῆς

340 1398 487 1494 ,ἐφόδου
530 1403 710 1494 πρᾶγμα
750 1398 996 1492 νεμεσητὸν
1022 1394 1181 1466 παθεῖν
1214 1397 1285 1464 τδν
1312 1389 1475 1490 Μάριον

340 1523 397 1613 ,,οἱ
421 1518 496 1616 περλ
528 1516 656 1588 Σύλλαν
689 1521 843 1615 ἱςυροῦσι.
896 1523 1063 1614 κονιορτοῦ
1104 1515 1167 1613 γάρ
1203 1513 1380 1612 ἀρθέντος,
1409 1516 1475 1584 οἷον

340 1640 465 1734 „e'uro‘c7
511 1639 654 1709 ἀπλέτου
698 1637 751 1707 καλ
789 1643 856 1706 τῶν
898 1637 1110 1733 ςρατυπέδων
1156 1636 1477 1732 ἀποκεκρυμμένον,

341 1761 529 1853 ,ἐκεῖνον
557 1759 632 1851 μὲν
659 1801 709 1809 -
736 1802 787 1808 -
814 1801 863 1808 -
891 1758 1113 1853 ἀςοχῆσαι
1147 1762 1228 1825 τῶν
1256 1755 1477 1847 πολεμίων

342 1879 418 1973 ,καὶ
439 1877 690 1976 παρενεχθέντα
709 1884 770 1974 τῆς
791 1877 962 1974 φάλαγγος
989 1879 1025 1947 ἐν
1053 1883 1102 1972 τῖρ
1129 1875 1232 1971 πεδίῳ
1261 1871 1478 1971 διαφέρεσθαι

343 1997 469 2092 ,,πολθν
497 1998 709 2095 χρόνον,τῷ
736 1998 781 2068 δὲ
808 1994 967 2094 Κάτλῳ
989 1996 1085 2074 τοὺς
1113 1994 1366 2095 βαρβάρους
1395 1995 1478 2065 ἀπδ

342 2117 502 2214 ,,τύχης
544 2125 819 2216 συρραγῆναι
863 2118 931 2188 καλ
974 2115 1177 2211 γένεσθαι
1221 2117 1291 2185 τδν
1333 2117 1479 2209 ἀγῶνα

343 2239 448 2332 ,,κατ’
475 2241 646 2308 ἐκεῖνον
681 2238 734 2307 καὶ
773 2237 851 2316 τούς
892 2238 1016 2308 ἐκείνου
1048 2235 1170 2329 μάλιςα
1207 2234 1410 2333 ςρατιύτας,
1439 2237 1479 2304 ἐν
1514 2309 1518 2319 ,

343 2362 430 2454 ,οἷς
456 2359 584 2436 αύτδς
612 2361 629 2427 ὁ
659 2356 822 2436 Σύλλας
848 2355 1064 2453 τετάχθαι
1096 2354 1259 2452 ρησίν.”

388 2477 455 2560 Qui
488 2479 544 2541 hic
568 2479 726 2541 laudatur
749 2487 842 2541 certe
873 2478 1003 2540 Marius
1025 2497 1094 2539 non
1118 2486 1179 2540 est.
1210 2477 1339 2552 Marius
1362 2487 1481 2540 contra

343 2595 414 2657 doli
444 2595 525 2656 mali
556 2593 714 2657 defertur.
762 2593 885 2658 Catulo
921 2603 955 2656 et
986 2591 1105 2656 Sullae
1136 2595 1324 2656 secundum
1350 2594 1481 2657 Plutar-

345 2712 446 2773 chum
481 2710 590 2772 omnis
614 2710 687 2773 eius
710 2710 875 2773 uictoriae
899 2709 1043 2790 contigit
1066 2709 1185 2791 gloria.
1221 2710 1352 2772 Passim
1376 2710 1481 2784 locis,

344 2846 447 2907 supra
477 2827 591 2889 euita
621 2825 721 2888 Marii
745 2826 871 2900 citatis
896 2825 1128 2889 commentarii
1163 2823 1281 2888 Sullae
1316 2835 1483 2889 uocantur

344 2948 509 3002 auctores.
533 2938 645 3002 Locus
657 2939 848 3002 Prurlscffl
865 2937 950 3003 Sull.
976 2961 1009 3016 4:
1036 2930 1162 3028 ,,εἰρ’ἷρ
1190 2959 1324 3030 φησιν
1353 2935 1482 3012 αύτδς

346 3063 379 3150 (ὁ
404 3057 547 3156 Σύλλας)
570 3061 717 3157 ἰσχυρῶς
745 3062 877 3131 ἀνιᾶσαι
904 3062 958 3130 τδν
982 3055 1130 3159 Μάριον”
1156 3070 1200 3130 ad
1221 3068 1354 3131 nullum
1367 3069 1481 3143 alium,

344 3180 408 3242 nisi
431 3181 475 3243 ad
498 3177 631 3243 Sullam
655 3190 804 3262 spectat,
832 3200 937 3262 quare
960 3181 1043 3243 mihi
1068 3191 1223 3244 constare
1246 3183 1390 3256 uidetur,
1403 3182 1482 3244 Plu-

344 3288 499 3349 tarchum
529 3307 592 3349 sua
622 3289 666 3350 de
697 3290 799 3351 rebus
830 3287 1007 3350 Cimbricis
1035 3309 1075 3351 ac
1110 3289 1307 3352 Teutonicis
1337 3310 1356 3352 e
1388 3291 1483 3351 libris

346 3399 495 3464 Sullanis
519 3404 770 3485 deprompsisse
791 3400 818 3484 ι).

395 3723 414 3805 1)
436 3725 480 3784 Οἱ
503 3727 544 3784 H.
565 3727 686 3799 Pausa,
708 3727 755 3784 die
780 3725 902 3800 Quellen
920 3726 1004 3783 plut.
1016 3745 1045 3801 p.
1061 3745 1114 3784 101
1126 3701 1175 3802 sq.
1190 3762 1230 3771 -
1247 3729 1372 3801 KLAPP,
1388 3748 1417 3804 p.
1435 3749 1482 3802 24.
