3286 5272
847 526 887 582 42

298 704 332 760 el
352 695 505 762 Siciliam
528 696 730 760 deducendis
747 695 792 776 ¹)”‚
819 697 878 770 „dc
889 696 1027 760 ciuitate
1045 696 1144 760 socti's
1163 698 1276 760 danda
1292 697 1336 784 ²)”
1347 702 1433 762 duae

297 812 429 894 priores
451 812 657 875 coniunctim
680 833 747 874 non
771 813 856 876 tanti
878 813 1107 886 ducebantur,
1123 815 1240 896 quanti
1264 825 1434 895 postrema

298 929 381 991 sola.
405 927 503 992 Haec
527 939 600 991 erat
622 930 681 991 lex
704 949 850 1000 summa,
874 929 962 992 haec
985 929 1189 1010 praecipua,
1214 950 1283 1012 qua
1304 931 1436 1011 perlata

298 1055 452 1126 potestas
463 1043 552 1107 foret
563 1043 693 1108 infinita
704 1046 738 1106 in
750 1045 895 1108 comitiis
906 1065 1014 1126 penes
1026 1045 1148 1119 Italos,
1169 1045 1263 1109 ciues
1274 1047 1436 1128 optimoS,

298 1161 357 1243 qui
380 1161 444 1223 soli
467 1161 633 1223 sustinere
656 1171 797 1242 possent
819 1161 1040 1242 reipublicae
1051 1162 1191 1224 minam
1215 1160 1294 1224 Hoc
1305 1161 1435 1243 Appia·

297 1297 361 1340 nus
383 1279 472 1340 bene
494 1277 683 1351 intellexit,
694 1277 812 1340 Liuius
828 1297 912 1339 uero
925 1277 1031 1350 male,
1044 1277 1172 1358 quippe
1186 1279 1245 1359 qui
1256 1277 1436 1359 putauerit,

296 1393 494 1476 rogationes
515 1394 593 1456 illas
615 1394 830 1475 potissimum
852 1395 898 1456 ad
920 1393 1186 1457 iurisdictionem
1209 1403 1385 1476 spectasse
1406 1392 1436 1473 ³).

343 1509 392 1574 Ut
412 1511 480 1572 hoc
503 1520 619 1573 autem
641 1510 756 1573 nobile
783 1511 996 1591 propositum
1012 1508 1149 1572 efficere
1165 1520 1301 1592 posset,
1316 1512 1361 1573 ab
1377 1531 1437 1590 op

296 1625 471 1688 timatibus
494 1628 539 1689 ad
560 1627 745 1708 populares
767 1625 951 1707 transfugit
974 1623 1146 1707 Sulpicius
1168 1636 1205 1688 et
1226 1626 1437 1689 tribunatum

297 1742 392 1823 petit
437 1742 508 1804 Lrv.
531 1762 602 1823 per.
625 1741 801 1804 LXXVII
824 1753 894 1804 tres
917 1743 1017 1824 leges
1040 1743 1085 1804 ab
1109 1762 1160 1815 eo,
1184 1742 1320 1804 tribuno
1335 1740 1437 1816 fact0,

298 1859 534 1942 promulgatas
556 1860 652 1922 citat:
681 1881 706 1921 1.
722 1863 783 1932 ,ut
803 1858 940 1921 exsules
953 1859 1213 1921 rewcarentuf'
1239 1880 1267 1920 2.
1282 1863 1343 1932 ,ut
1355 1857 1443 1920 noui

297 1973 390 2037 crines
404 1973 618 2059 lz‘bertzizique
629 1974 667 2037 in
678 1973 787 2038 tribus
798 1972 1100 2038 distribuerentufl’
1124 1997 1153 2052 3.
1173 1979 1234 2049 ,ut
1249 1975 1284 2038 C.
1297 1973 1439 2038 Martias

298 2091 467 2154 aduersus
481 2090 745 2164 arithmeticam,
757 2088 1001 2175 pertringam,
1014 2091 1088 2154 dux
1099 2091 1300 2154 crearetur?
1322 2090 1438 2153 Prima

297 2207 449 2289 rogatio,
478 2207 573 2269 cuius
595 2206 777 2288 Appianus
807 2226 876 2268 non
897 2205 980 2269 facit
1009 2207 1230 2281 mentionem,
1258 2209 1440 2288 spectabat

298 2324 344 2385 ad
366 2343 427 2384 eos
453 2322 561 2397 uiros,
591 2323 648 2404 qui
676 2323 793 2404 elege
809 2319 917 2384 Varia
939 2322 983 2384 de
1012 2322 1192 2386 maiestate
1215 2323 1380 2404 postulati
1402 2323 1439 2384 in
1498 2349 1501 2358 ·

299 2439 457 2501 exsilium
486 2439 580 2500 missi
602 2448 700 2500 erant
715 2437 747 2520 ⁴).
771 2438 869 2501 Haec
893 2448 1008 2500 autem
1037 2459 1149 2521 neque
1172 2439 1302 2521 iniqua,
1325 2459 1438 2521 neque

298 2555 490 2636 perniciosa
512 2556 572 2617 lex
595 2564 669 2618 erat
683 2554 721 2635 ⁵),
745 2556 808 2617 sed
830 2565 984 2618 ueterem
1007 2555 1162 2618 iniuriam
1177 2557 1437 2631 reconciliabat,

298 2673 389 2734 uiros
402 2672 549 2752 optimos
564 2672 832 2754 innocentesque
845 2673 879 2733 in
895 2673 1041 2753 patriam
1052 2693 1228 2736 reuocans
1251 2673 1307 2736 De
1319 2675 1437 2748 altera,

299 2809 387 2870 quae
410 2787 572 2870 Appiano
597 2799 736 2852 auctore
760 2789 1086 2864 causaiustitiifuit,
1101 2790 1170 2853 iam
1186 2790 1268 2853 satis
1279 2791 1436 2854 uidimus.

350 2904 464 2968 Unum
502 2924 584 2967 uero
622 2904 681 2967 hoc
719 2905 911 2967 addendum
943 2910 1006 2986 est,
1046 2926 1090 2967 ex
1128 2905 1240 2968 eodem
1280 2904 1437 2990 Appiano

299 3018 444 3104 liquere,
471 3021 559 3082 hanc
582 3025 616 3083 et
636 3019 770 3083 tertium
794 3021 901 3104 legem
925 3019 1015 3084 zizter
1035 3042 1071 3084 se
1093 3042 1307 3106 nequaquam
1316 3021 1438 3105 sitisse

297 3157 450 3199 conexos.
474 3137 633 3199 Alteram
652 3136 757 3218 igitur
772 3156 909 3198 suarum
922 3137 1041 3218 legum
1056 3138 1281 3220 promulgans
1297 3158 1352 3200 res
1367 3158 1436 3200 non

298 3253 503 3333 respiciebat
540 3254 707 3334 priuatas,
746 3253 808 3315 sed
831 3253 883 3314 uir
905 3253 988 3315 elati
1021 3253 1152 3335 ingenii
1179 3254 1303 3316 altiora
1333 3263 1436 3335 atque

300 3369 492 3431 excelsiora
506 3370 665 3450 spirabat.
692 3368 781 3431 Tum
796 3389 879 3431 uero
895 3369 1023 3431 inuisus
1035 3367 1155 3433 Sullae
1168 3379 1203 3432 et
1215 3370 1437 3451 optimatibus

298 3483 417 3558 factus,
441 3485 627 3558 intellexit,
650 3485 836 3566 periclitari
859 3485 965 3547 uitam
977 3505 1089 3558 suam,
1102 3486 1166 3548 nisi
1177 3506 1198 3547 a
1215 3484 1325 3549 Mario
1341 3487 1436 3548 auxi-

298 3602 380 3664 lium
403 3611 546 3683 peteret.
591 3601 720 3663 Marius
743 3622 780 3663 se
803 3601 864 3663 illa
885 3601 921 3662 in
943 3621 980 3662 re
1004 3601 1035 3663 ei
1054 3602 1243 3664 adjutorem
1266 3600 1339 3664 fore
1362 3603 1438 3683 pol·

298 3717 435 3792 licetur,
458 3737 501 3779 ea
523 3727 638 3780 tamen
661 3709 869 3790 conditione,
892 3725 931 3779 ut
953 3716 1132 3798 imperium
1147 3718 1181 3779 in
1193 3717 1302 3793 bello,
1319 3716 1437 3782 Sullae

299 3832 513 3912 ademptum,
535 3831 601 3892 sibi
624 3832 769 3893 daretur.
793 3821 855 3917 „‘(J
871 3823 906 3893 δὲ
921 3822 1111 3902 Σουλπίκιος
1125 3823 1241 3921 ἐκύρου
1260 3827 1316 3895 τὸν
1334 3825 1436 3917 νόμον

348 4132 484 4213 ¹)PLUT
509 4134 540 4193 C
566 4131 695 4191 Gracci.
718 4153 746 4209 9.
768 4135 905 4192 -ΑΡΡ,
927 4135 967 4191 Β.
993 4135 1027 4192 C.
1049 4135 1071 4190 Ι
1096 4153 1143 4208 23·

340 4231 452 4313 ²)L1v
474 4251 536 4309 per.
559 4233 728 4290 LXXL-
749 4235 843 4291 Vsu⁴
865 4234 903 4290 II
929 4252 1032 4304 14-
1057 4233 1130 4289 Aee.
1151 4234 1193 4291 B.
1219 4233 1251 4290 C.
1273 4235 1296 4290 Ι.
1320 4249 1368 4308 35.

763 4530 1002 4600 Momsm,
1024 4529 1063 4585 n.
1090 4527 1129 4586 G.
1151 4529 1189 4585 11.
1213 4546 1243 4603 p.
1267 4493 1334 4604 256.
