<?xml version="1.0" encoding="UTF-8"?>
<!DOCTYPE html PUBLIC "-//W3C//DTD XHTML 1.0 Transitional//EN"
    "http://www.w3.org/TR/xhtml1/DTD/xhtml1-transitional.dtd">
<html xmlns="http://www.w3.org/1999/xhtml" xml:lang="en" lang="en">
 <head>
  <title>
</title>
<meta http-equiv="Content-Type" content="text/html;charset=utf-8" />
  <meta name='ocr-system' content='tesseract 3.04.00' />
  <meta name='ocr-capabilities' content='ocr_page ocr_carea ocr_par ocr_line ocrx_word'/>
</head>
<body>
  <div class='ocr_page' id='page_1' title='image "./defontibuspluta00kuypgoog_0136.png"; bbox 0 0 3284 5272; ppageno 0'>
   <div class='ocr_carea' id='block_1_1' title="bbox 761 498 815 537">
    <p class='ocr_par' dir='ltr' id='par_1_1' title="bbox 761 498 815 537">
     <span class='ocr_line' id='line_1_1' title="bbox 761 498 815 537; baseline -0.019 0"><span class='ocrx_word' id='word_1_1' title='bbox 761 498 815 537; x_wconf 89' lang='lat'><strong>121</strong></span> 
     </span>
    </p>
   </div>
   <div class='ocr_carea' id='block_1_2' title="bbox 217 668 1358 1101">
    <p class='ocr_par' dir='ltr' id='par_1_2' title="bbox 217 668 1358 1101">
     <span class='ocr_line' id='line_1_2' title="bbox 217 668 1355 752; baseline 0 -21"><span class='ocrx_word' id='word_1_2' title='bbox 217 669 447 732; x_wconf 87' lang='lat' dir='ltr'><strong>transuehitur</strong></span> <span class='ocrx_word' id='word_1_3' title='bbox 468 689 508 732; x_wconf 91' lang='lat' dir='ltr'><strong>ac</strong></span> <span class='ocrx_word' id='word_1_4' title='bbox 532 689 614 731; x_wconf 81' lang='lat' dir='ltr'><strong>mox</strong></span> <span class='ocrx_word' id='word_1_5' title='bbox 637 670 671 731; x_wconf 92' lang='lat' dir='ltr'><strong>in</strong></span> <span class='ocrx_word' id='word_1_6' title='bbox 695 669 882 751; x_wconf 80' lang='lat' dir='ltr'>Campania</span> <span class='ocrx_word' id='word_1_7' title='bbox 904 668 1066 752; x_wconf 88' lang='lat' dir='ltr'><strong>profligat</strong></span> <span class='ocrx_word' id='word_1_8' title='bbox 1081 669 1229 732; x_wconf 90' lang='lat' dir='ltr'><strong>Marium</strong></span> <span class='ocrx_word' id='word_1_9' title='bbox 1245 671 1355 731; x_wconf 90' lang='lat' dir='ltr'><strong>Iunio-</strong></span> 
     </span>
     <span class='ocr_line' id='line_1_3' title="bbox 217 784 1358 872; baseline 0.001 -25"><span class='ocrx_word' id='word_1_10' title='bbox 217 805 289 848; x_wconf 87' lang='lat' dir='ltr'><strong>rem</strong></span> <span class='ocrx_word' id='word_1_11' title='bbox 314 794 349 849; x_wconf 91' lang='lat' dir='ltr'><strong>et</strong></span> <span class='ocrx_word' id='word_1_12' title='bbox 371 785 576 872; x_wconf 83' lang='lat' dir='ltr'>Norbanum.</span> <span class='ocrx_word' id='word_1_13' title='bbox 622 787 711 850; x_wconf 85' lang='lat' dir='ltr'><strong>Tum</strong></span> <span class='ocrx_word' id='word_1_14' title='bbox 734 787 872 849; x_wconf 90' lang='lat' dir='ltr'><strong>demum</strong></span> <span class='ocrx_word' id='word_1_15' title='bbox 886 795 1016 860; x_wconf 90' lang='lat' dir='ltr'><strong>narrat,</strong></span> <span class='ocrx_word' id='word_1_16' title='bbox 1033 805 1168 848; x_wconf 90' lang='lat' dir='ltr'><strong>seruum</strong></span> <span class='ocrx_word' id='word_1_17' title='bbox 1183 784 1297 848; x_wconf 91' lang='lat' dir='ltr'><strong>Pontii</strong></span> <span class='ocrx_word' id='word_1_18' title='bbox 1313 787 1358 848; x_wconf 94' lang='lat' dir='ltr'><strong>ad</strong></span> 
     </span>
     <span class='ocr_line' id='line_1_4' title="bbox 218 899 1358 983; baseline 0 -18"><span class='ocrx_word' id='word_1_19' title='bbox 218 899 351 966; x_wconf 86' lang='lat' dir='ltr'><strong>Sullam</strong></span> <span class='ocrx_word' id='word_1_20' title='bbox 373 903 522 977; x_wconf 89' lang='lat' dir='ltr'><strong>uenisse,</strong></span> <span class='ocrx_word' id='word_1_21' title='bbox 544 901 749 983; x_wconf 86' lang='lat' dir='ltr'><strong>Capitolium</strong></span> <span class='ocrx_word' id='word_1_22' title='bbox 771 903 947 965; x_wconf 89' lang='lat' dir='ltr'><strong>incensum</strong></span> <span class='ocrx_word' id='word_1_23' title='bbox 970 900 1043 964; x_wconf 89' lang='lat' dir='ltr'><strong>fore</strong></span> <span class='ocrx_word' id='word_1_24' title='bbox 1067 901 1291 977; x_wconf 75' lang='lat' dir='ltr'><strong>nuntiantem,</strong></span> <span class='ocrx_word' id='word_1_25' title='bbox 1322 914 1358 965; x_wconf 90' lang='lat' dir='ltr'><strong>et</strong></span> 
     </span>
     <span class='ocr_line' id='line_1_5' title="bbox 218 1016 1357 1101; baseline 0 -20"><span class='ocrx_word' id='word_1_26' title='bbox 218 1019 355 1101; x_wconf 88' lang='lat' dir='ltr'><strong>quidem</strong></span> <span class='ocrx_word' id='word_1_27' title='bbox 379 1016 477 1082; x_wconf 89' lang='lat' dir='ltr'><strong>Siluii</strong></span> <span class='ocrx_word' id='word_1_28' title='bbox 499 1019 534 1081; x_wconf 93' lang='lat' dir='ltr'><strong>in</strong></span> <span class='ocrx_word' id='word_1_29' title='bbox 557 1019 685 1100; x_wconf 92' lang='lat' dir='ltr'><strong>oppido</strong></span> <span class='ocrx_word' id='word_1_30' title='bbox 710 1018 868 1100; x_wconf 83' lang='lat' dir='ltr'><strong>Apuliae.</strong></span> <span class='ocrx_word' id='word_1_31' title='bbox 892 1018 975 1080; x_wconf 71' lang='lat' dir='ltr'><strong>App.</strong></span> <span class='ocrx_word' id='word_1_32' title='bbox 992 1019 1030 1093; x_wconf 92' lang='lat' dir='ltr'><strong>I,</strong></span> <span class='ocrx_word' id='word_1_33' title='bbox 1057 1038 1096 1098; x_wconf 82' lang='lat'><strong>79</strong></span> <span class='ocrx_word' id='word_1_34' title='bbox 1122 1027 1240 1082; x_wconf 89' lang='lat' dir='ltr'><strong>contra</strong></span> <span class='ocrx_word' id='word_1_35' title='bbox 1263 1018 1357 1093; x_wconf 91' lang='lat' dir='ltr'><strong>dicit,</strong></span> 
     </span>
    </p>
   </div>
   <div class='ocr_carea' id='block_1_3' title="bbox 218 1133 1446 1213">
    <p class='ocr_par' dir='ltr' id='par_1_3' title="bbox 218 1133 1446 1213">
     <span class='ocr_line' id='line_1_6' title="bbox 218 1133 1446 1213; baseline -0.002 -14"><span class='ocrx_word' id='word_1_36' title='bbox 218 1133 351 1199; x_wconf 82' lang='lat' dir='ltr'><strong>Sullam</strong></span> <span class='ocrx_word' id='word_1_37' title='bbox 374 1156 395 1199; x_wconf 91' lang='lat' dir='ltr'><strong>a</strong></span> <span class='ocrx_word' id='word_1_38' title='bbox 417 1135 541 1198; x_wconf 83' lang='lat' dir='ltr'><strong>Piraeo</strong></span> <span class='ocrx_word' id='word_1_39' title='bbox 556 1135 678 1199; x_wconf 85' lang='lat' dir='ltr'><strong>Patras</strong></span> <span class='ocrx_word' id='word_1_40' title='bbox 695 1145 730 1198; x_wconf 89' lang='lat' dir='ltr'><strong>et</strong></span> <span class='ocrx_word' id='word_1_41' title='bbox 744 1136 824 1198; x_wconf 90' lang='lat' dir='ltr'><strong>hinc</strong></span> <span class='ocrx_word' id='word_1_42' title='bbox 841 1136 951 1199; x_wconf 91' lang='lat' dir='ltr'><strong>classe</strong></span> <span class='ocrx_word' id='word_1_43' title='bbox 967 1135 1048 1198; x_wconf 90' lang='lat' dir='ltr'><strong>mile</strong></span> <span class='ocrx_word' id='word_1_44' title='bbox 1068 1143 1102 1198; x_wconf 89' lang='lat' dir='ltr'><strong>et</strong></span> <span class='ocrx_word' id='word_1_45' title='bbox 1118 1144 1357 1198; x_wconf 86' lang='lat' dir='ltr'><strong>sexcentarum</strong></span> <span class='ocrx_word' id='word_1_46' title='bbox 1444 1207 1446 1213; x_wconf 15' lang='lat' dir='ltr'>y</span> 
     </span>
    </p>
   </div>
   <div class='ocr_carea' id='block_1_4' title="bbox 216 1249 1357 1568">
    <p class='ocr_par' dir='ltr' id='par_1_4' title="bbox 216 1249 1357 1568">
     <span class='ocr_line' id='line_1_7' title="bbox 217 1249 1357 1327; baseline 0.002 -14"><span class='ocrx_word' id='word_1_47' title='bbox 217 1251 354 1313; x_wconf 89' lang='lat' dir='ltr'><strong>nauium</strong></span> <span class='ocrx_word' id='word_1_48' title='bbox 388 1251 615 1314; x_wconf 88' lang='lat' dir='ltr'><strong>Brundusium</strong></span> <span class='ocrx_word' id='word_1_49' title='bbox 649 1252 833 1315; x_wconf 89' lang='lat' dir='ltr'><strong>traiecisse.</strong></span> <span class='ocrx_word' id='word_1_50' title='bbox 879 1251 928 1315; x_wconf 90' lang='lat' dir='ltr'><strong>Id.</strong></span> <span class='ocrx_word' id='word_1_51' title='bbox 963 1251 998 1327; x_wconf 91' lang='lat' dir='ltr'><strong>I,</strong></span> <span class='ocrx_word' id='word_1_52' title='bbox 1024 1257 1066 1314; x_wconf 90' lang='lat'><strong>80</strong></span> <span class='ocrx_word' id='word_1_53' title='bbox 1090 1252 1213 1326; x_wconf 86' lang='lat' dir='ltr'><strong>tradit,</strong></span> <span class='ocrx_word' id='word_1_54' title='bbox 1237 1249 1357 1316; x_wconf 89' lang='lat' dir='ltr'><strong>Sullae</strong></span> 
     </span>
     <span class='ocr_line' id='line_1_8' title="bbox 218 1366 1357 1450; baseline 0 -20"><span class='ocrx_word' id='word_1_55' title='bbox 218 1367 338 1430; x_wconf 93' lang='lat' dir='ltr'><strong>obuios</strong></span> <span class='ocrx_word' id='word_1_56' title='bbox 362 1366 471 1431; x_wconf 90' lang='lat' dir='ltr'><strong>factos</strong></span> <span class='ocrx_word' id='word_1_57' title='bbox 487 1388 562 1430; x_wconf 91' lang='lat' dir='ltr'><strong>esse</strong></span> <span class='ocrx_word' id='word_1_58' title='bbox 578 1367 774 1443; x_wconf 88' lang='lat' dir='ltr'><strong>Metellum,</strong></span> <span class='ocrx_word' id='word_1_59' title='bbox 790 1367 1011 1449; x_wconf 90' lang='lat' dir='ltr'><strong>Pompeium,</strong></span> <span class='ocrx_word' id='word_1_60' title='bbox 1029 1367 1222 1450; x_wconf 84' lang='lat' dir='ltr'><strong>Cethegum</strong></span> <span class='ocrx_word' id='word_1_61' title='bbox 1238 1369 1357 1443; x_wconf 91' lang='lat' dir='ltr'><strong>socios,</strong></span> 
     </span>
     <span class='ocr_line' id='line_1_9' title="bbox 216 1484 1356 1568; baseline 0.002 -22"><span class='ocrx_word' id='word_1_62' title='bbox 216 1504 285 1566; x_wconf 90' lang='lat' dir='ltr'><strong>qua</strong></span> <span class='ocrx_word' id='word_1_63' title='bbox 313 1484 356 1546; x_wconf 90' lang='lat' dir='ltr'><strong>de</strong></span> <span class='ocrx_word' id='word_1_64' title='bbox 385 1504 422 1546; x_wconf 91' lang='lat' dir='ltr'><strong>re</strong></span> <span class='ocrx_word' id='word_1_65' title='bbox 453 1484 656 1548; x_wconf 88' lang='lat' dir='ltr'><strong>Plutarchus</strong></span> <span class='ocrx_word' id='word_1_66' title='bbox 685 1495 786 1548; x_wconf 88' lang='lat' dir='ltr'><strong>tacet.</strong></span> <span class='ocrx_word' id='word_1_67' title='bbox 832 1485 997 1568; x_wconf 87' lang='lat' dir='ltr'><strong>Legimus</strong></span> <span class='ocrx_word' id='word_1_68' title='bbox 1027 1505 1130 1566; x_wconf 93' lang='lat' dir='ltr'><strong>porro</strong></span> <span class='ocrx_word' id='word_1_69' title='bbox 1159 1486 1251 1567; x_wconf 92' lang='lat' dir='ltr'><strong>apud</strong></span> <span class='ocrx_word' id='word_1_70' title='bbox 1274 1484 1356 1549; x_wconf 65' lang='lat' dir='ltr'><strong>Aba.</strong></span> 
     </span>
    </p>
   </div>
   <div class='ocr_carea' id='block_1_5' title="bbox 217 1599 1454 1682">
    <p class='ocr_par' dir='ltr' id='par_1_5' title="bbox 217 1599 1454 1682">
     <span class='ocr_line' id='line_1_10' title="bbox 217 1599 1454 1682; baseline 0 -20"><span class='ocrx_word' id='word_1_71' title='bbox 217 1600 251 1674; x_wconf 92' lang='lat' dir='ltr'><strong>I,</strong></span> <span class='ocrx_word' id='word_1_72' title='bbox 276 1605 334 1678; x_wconf 86' lang='lat'><strong>84,</strong></span> <span class='ocrx_word' id='word_1_73' title='bbox 368 1601 514 1682; x_wconf 88' lang='lat' dir='ltr'><strong>primum</strong></span> <span class='ocrx_word' id='word_1_74' title='bbox 537 1601 714 1682; x_wconf 62' lang='lat' dir='ltr'><strong>proelium⁸</strong></span> <span class='ocrx_word' id='word_1_75' title='bbox 740 1601 958 1663; x_wconf 91' lang='lat' dir='ltr'><strong>commissum</strong></span> <span class='ocrx_word' id='word_1_76' title='bbox 990 1621 1065 1663; x_wconf 88' lang='lat' dir='ltr'><strong>esse</strong></span> <span class='ocrx_word' id='word_1_77' title='bbox 1090 1602 1134 1663; x_wconf 89' lang='lat' dir='ltr'><strong>ad</strong></span> <span class='ocrx_word' id='word_1_78' title='bbox 1158 1599 1357 1676; x_wconf 89' lang='lat' dir='ltr'><strong>Canusium,</strong></span> <span class='ocrx_word' id='word_1_79' title='bbox 1451 1657 1454 1662; x_wconf 44' lang='lat'><strong>.</strong></span> 
     </span>
    </p>
   </div>
   <div class='ocr_carea' id='block_1_6' title="bbox 216 1714 1457 2379">
    <p class='ocr_par' dir='ltr' id='par_1_6' title="bbox 216 1714 1357 2148">
     <span class='ocr_line' id='line_1_11' title="bbox 217 1714 1357 1798; baseline 0.003 -20"><span class='ocrx_word' id='word_1_80' title='bbox 217 1717 309 1798; x_wconf 89' lang='lat' dir='ltr'><strong>quod</strong></span> <span class='ocrx_word' id='word_1_81' title='bbox 342 1716 441 1779; x_wconf 79' lang='lat' dir='ltr'><strong>Prur.</strong></span> <span class='ocrx_word' id='word_1_82' title='bbox 465 1717 509 1780; x_wconf 93' lang='lat' dir='ltr'><strong>l.l.</strong></span> <span class='ocrx_word' id='word_1_83' title='bbox 544 1717 579 1778; x_wconf 90' lang='lat' dir='ltr'><strong>in</strong></span> <span class='ocrx_word' id='word_1_84' title='bbox 613 1716 801 1798; x_wconf 89' lang='lat' dir='ltr'><strong>Campania</strong></span> <span class='ocrx_word' id='word_1_85' title='bbox 834 1717 879 1778; x_wconf 89' lang='lat' dir='ltr'><strong>ad</strong></span> <span class='ocrx_word' id='word_1_86' title='bbox 912 1726 1063 1779; x_wconf 91' lang='lat' dir='ltr'><strong>montem</strong></span> <span class='ocrx_word' id='word_1_87' title='bbox 1093 1714 1208 1780; x_wconf 84' lang='lat' dir='ltr'><strong>Tifata</strong></span> <span class='ocrx_word' id='word_1_88' title='bbox 1229 1715 1357 1781; x_wconf 85' lang='lat' dir='ltr'><strong>factum</strong></span> 
     </span>
     <span class='ocr_line' id='line_1_12' title="bbox 218 1829 1357 1914; baseline -0.002 -18"><span class='ocrx_word' id='word_1_89' title='bbox 218 1853 293 1896; x_wconf 90' lang='lat' dir='ltr'><strong>esse</strong></span> <span class='ocrx_word' id='word_1_90' title='bbox 316 1842 431 1895; x_wconf 90' lang='lat' dir='ltr'><strong>narrat</strong></span> <span class='ocrx_word' id='word_1_91' title='bbox 443 1829 477 1912; x_wconf 93' lang='lat' dir='ltr'><strong>l).</strong></span> <span class='ocrx_word' id='word_1_92' title='bbox 524 1832 750 1914; x_wconf 89' lang='lat' dir='ltr'><strong>Compellitur</strong></span> <span class='ocrx_word' id='word_1_93' title='bbox 780 1834 872 1914; x_wconf 92' lang='lat' dir='ltr'><strong>apud</strong></span> <span class='ocrx_word' id='word_1_94' title='bbox 894 1833 994 1896; x_wconf 78' lang='lat' dir='ltr'><strong>Prur.</strong></span> <span class='ocrx_word' id='word_1_95' title='bbox 1017 1833 1062 1896; x_wconf 93' lang='lat' dir='ltr'><strong>l.l.</strong></span> <span class='ocrx_word' id='word_1_96' title='bbox 1091 1832 1271 1895; x_wconf 88' lang='lat' dir='ltr'><strong>Norbanus</strong></span> <span class='ocrx_word' id='word_1_97' title='bbox 1295 1833 1357 1896; x_wconf 88' lang='lat' dir='ltr'><strong>Ca·</strong></span> 
     </span>
     <span class='ocr_line' id='line_1_13' title="bbox 216 1948 1357 2033; baseline -0.002 -21"><span class='ocrx_word' id='word_1_98' title='bbox 216 1969 335 2030; x_wconf 89' lang='lat' dir='ltr'><strong>puam,</strong></span> <span class='ocrx_word' id='word_1_99' title='bbox 358 1950 418 2012; x_wconf 91' lang='lat' dir='ltr'><strong>ubi</strong></span> <span class='ocrx_word' id='word_1_100' title='bbox 441 1949 631 2013; x_wconf 85' lang='lat' dir='ltr'><strong>includitur.</strong></span> <span class='ocrx_word' id='word_1_101' title='bbox 656 1949 762 2033; x_wconf 86' lang='lat' dir='ltr'><strong>Apud</strong></span> <span class='ocrx_word' id='word_1_102' title='bbox 785 1949 867 2012; x_wconf 70' lang='lat' dir='ltr'><strong>Aen.</strong></span> <span class='ocrx_word' id='word_1_103' title='bbox 891 1950 924 2024; x_wconf 95' lang='lat' dir='ltr'><strong>I,</strong></span> <span class='ocrx_word' id='word_1_104' title='bbox 950 1955 1009 2026; x_wconf 87' lang='lat'><strong>85,</strong></span> <span class='ocrx_word' id='word_1_105' title='bbox 1034 1949 1126 2012; x_wconf 91' lang='lat' dir='ltr'><strong>idem</strong></span> <span class='ocrx_word' id='word_1_106' title='bbox 1143 1969 1180 2012; x_wconf 89' lang='lat' dir='ltr'><strong>se</strong></span> <span class='ocrx_word' id='word_1_107' title='bbox 1204 1948 1357 2032; x_wconf 91' lang='lat' dir='ltr'><strong>Capuam</strong></span> 
     </span>
     <span class='ocr_line' id='line_1_14' title="bbox 217 2067 1138 2148; baseline -0.001 -18"><span class='ocrx_word' id='word_1_108' title='bbox 217 2067 347 2148; x_wconf 90' lang='lat' dir='ltr'><strong>recipit.</strong></span> <span class='ocrx_word' id='word_1_109' title='bbox 1137 2131 1138 2136; x_wconf 63' lang='grc'>,</span> 
     </span>
    </p>

    <p class='ocr_par' dir='ltr' id='par_1_7' title="bbox 217 2180 1457 2379">
     <span class='ocr_line' id='line_1_15' title="bbox 260 2180 1457 2265; baseline -0.002 -21"><span class='ocrx_word' id='word_1_110' title='bbox 260 2181 307 2244; x_wconf 89' lang='grc' dir='ltr'><strong>Μ.</strong></span> <span class='ocrx_word' id='word_1_111' title='bbox 330 2181 494 2245; x_wconf 85' lang='lat' dir='ltr'><strong>Lucullus</strong></span> <span class='ocrx_word' id='word_1_112' title='bbox 517 2183 609 2265; x_wconf 91' lang='lat' dir='ltr'><strong>apud</strong></span> <span class='ocrx_word' id='word_1_113' title='bbox 632 2182 824 2246; x_wconf 86' lang='lat' dir='ltr'><strong>Fidentiam</strong></span> <span class='ocrx_word' id='word_1_114' title='bbox 846 2184 965 2244; x_wconf 92' lang='lat' dir='ltr'><strong>hostes</strong></span> <span class='ocrx_word' id='word_1_115' title='bbox 987 2182 1093 2244; x_wconf 90' lang='lat' dir='ltr'><strong>uincit</strong></span> <span class='ocrx_word' id='word_1_116' title='bbox 1117 2181 1226 2264; x_wconf 82' lang='lat' dir='ltr'><strong>(PLuT.</strong></span> <span class='ocrx_word' id='word_1_117' title='bbox 1243 2182 1299 2263; x_wconf 93' lang='lat' dir='ltr'><strong>l.l.)</strong></span> <span class='ocrx_word' id='word_1_118' title='bbox 1315 2180 1355 2262; x_wconf 85' lang='lat'><strong>²),</strong></span> <span class='ocrx_word' id='word_1_119' title='bbox 1456 2251 1457 2254; x_wconf 8' lang='grc' dir='ltr'><strong>Ἴ</strong></span> 
     </span>
     <span class='ocr_line' id='line_1_16' title="bbox 217 2295 1357 2379; baseline -0.001 -18"><span class='ocrx_word' id='word_1_120' title='bbox 217 2297 337 2362; x_wconf 86' lang='lat' dir='ltr'><strong>transit</strong></span> <span class='ocrx_word' id='word_1_121' title='bbox 359 2299 404 2360; x_wconf 93' lang='lat' dir='ltr'><strong>ad</strong></span> <span class='ocrx_word' id='word_1_122' title='bbox 427 2295 560 2362; x_wconf 91' lang='lat' dir='ltr'><strong>Sullam</strong></span> <span class='ocrx_word' id='word_1_123' title='bbox 583 2298 754 2361; x_wconf 86' lang='lat' dir='ltr'><strong>exercitus</strong></span> <span class='ocrx_word' id='word_1_124' title='bbox 781 2295 952 2379; x_wconf 87' lang='lat' dir='ltr'><strong>Scipionis</strong></span> <span class='ocrx_word' id='word_1_125' title='bbox 975 2308 1010 2361; x_wconf 92' lang='lat' dir='ltr'><strong>et</strong></span> <span class='ocrx_word' id='word_1_126' title='bbox 1034 2298 1177 2379; x_wconf 87' lang='lat' dir='ltr'><strong>quidem</strong></span> <span class='ocrx_word' id='word_1_127' title='bbox 1194 2297 1357 2361; x_wconf 86' lang='lat' dir='ltr'><strong>militibus</strong></span> 
     </span>
    </p>
   </div>
   <div class='ocr_carea' id='block_1_7' title="bbox 100 2412 1359 2502">
    <p class='ocr_par' dir='ltr' id='par_1_8' title="bbox 100 2412 1359 2502">
     <span class='ocr_line' id='line_1_17' title="bbox 100 2412 1359 2502; baseline 0 -25"><span class='ocrx_word' id='word_1_128' title='bbox 100 2497 102 2502; x_wconf 23' lang='grc' dir='ltr'>Ι</span> <span class='ocrx_word' id='word_1_129' title='bbox 218 2415 385 2497; x_wconf 90' lang='lat' dir='ltr'><strong>corruptis</strong></span> <span class='ocrx_word' id='word_1_130' title='bbox 408 2415 516 2498; x_wconf 73' lang='lat' dir='ltr'><strong>(Pam.</strong></span> <span class='ocrx_word' id='word_1_131' title='bbox 542 2414 603 2496; x_wconf 90' lang='lat'><strong>28).</strong></span> <span class='ocrx_word' id='word_1_132' title='bbox 626 2414 807 2478; x_wconf 84' lang='lat' dir='ltr'><strong>Exercitus</strong></span> <span class='ocrx_word' id='word_1_133' title='bbox 831 2412 1000 2496; x_wconf 90' lang='lat' dir='ltr'><strong>Scipionis</strong></span> <span class='ocrx_word' id='word_1_134' title='bbox 1023 2414 1068 2476; x_wconf 93' lang='lat' dir='ltr'><strong>ad</strong></span> <span class='ocrx_word' id='word_1_135' title='bbox 1091 2412 1224 2478; x_wconf 91' lang='lat' dir='ltr'><strong>Sullam</strong></span> <span class='ocrx_word' id='word_1_136' title='bbox 1238 2414 1359 2477; x_wconf 90' lang='lat' dir='ltr'><strong>transit</strong></span> 
     </span>
    </p>
   </div>
   <div class='ocr_carea' id='block_1_8' title="bbox 217 2525 1358 2729">
    <p class='ocr_par' dir='ltr' id='par_1_9' title="bbox 217 2525 1358 2729">
     <span class='ocr_line' id='line_1_18' title="bbox 218 2525 1358 2616; baseline -0.001 -23"><span class='ocrx_word' id='word_1_137' title='bbox 218 2530 310 2613; x_wconf 71' lang='lat' dir='ltr'><strong>(Aea</strong></span> <span class='ocrx_word' id='word_1_138' title='bbox 334 2530 359 2594; x_wconf 88' lang='lat'><strong>1.</strong></span> <span class='ocrx_word' id='word_1_139' title='bbox 384 2530 437 2613; x_wconf 87' lang='lat'><strong>85)</strong></span> <span class='ocrx_word' id='word_1_140' title='bbox 453 2525 497 2616; x_wconf 76' lang='lat'><strong>³),</strong></span> <span class='ocrx_word' id='word_1_141' title='bbox 533 2529 740 2611; x_wconf 90' lang='lat' dir='ltr'><strong>Capitolium</strong></span> <span class='ocrx_word' id='word_1_142' title='bbox 764 2529 949 2612; x_wconf 89' lang='lat' dir='ltr'><strong>deflagrat,</strong></span> <span class='ocrx_word' id='word_1_143' title='bbox 982 2527 1153 2594; x_wconf 89' lang='lat' dir='ltr'><strong>Sertorius</strong></span> <span class='ocrx_word' id='word_1_144' title='bbox 1176 2531 1211 2592; x_wconf 92' lang='lat' dir='ltr'><strong>in</strong></span> <span class='ocrx_word' id='word_1_145' title='bbox 1234 2529 1358 2611; x_wconf 88' lang='lat' dir='ltr'><strong>Hispa·</strong></span> 
     </span>
     <span class='ocr_line' id='line_1_19' title="bbox 217 2644 775 2729; baseline -0.002 -20"><span class='ocrx_word' id='word_1_146' title='bbox 217 2647 309 2710; x_wconf 90' lang='lat' dir='ltr'><strong>niam</strong></span> <span class='ocrx_word' id='word_1_147' title='bbox 332 2667 369 2709; x_wconf 87' lang='lat' dir='ltr'><strong>se</strong></span> <span class='ocrx_word' id='word_1_148' title='bbox 393 2645 525 2710; x_wconf 86' lang='lat' dir='ltr'><strong>confert</strong></span> <span class='ocrx_word' id='word_1_149' title='bbox 548 2644 641 2729; x_wconf 75' lang='grc' dir='ltr'><strong>(ΑΡΡ.</strong></span> <span class='ocrx_word' id='word_1_150' title='bbox 664 2647 690 2708; x_wconf 97' lang='grc' dir='ltr'><strong>Ι.</strong></span> <span class='ocrx_word' id='word_1_151' title='bbox 712 2647 775 2726; x_wconf 86' lang='lat'><strong>86).</strong></span> 
     </span>
    </p>
   </div>
   <div class='ocr_carea' id='block_1_9' title="bbox 217 2743 1407 3434">
    <p class='ocr_par' dir='ltr' id='par_1_10' title="bbox 217 2743 1407 3312">
     <span class='ocr_line' id='line_1_20' title="bbox 261 2743 1357 2844; baseline -0.002 -18"><span class='ocrx_word' id='word_1_152' title='bbox 261 2762 486 2844; x_wconf 84' lang='lat' dir='ltr'><strong>inspiciamus</strong></span> <span class='ocrx_word' id='word_1_153' title='bbox 509 2743 752 2844; x_wconf 87' lang='lat' dir='ltr'><strong>epitomatores</strong></span> <span class='ocrx_word' id='word_1_154' title='bbox 774 2761 872 2825; x_wconf 90' lang='lat' dir='ltr'><strong>Liuii.</strong></span> <span class='ocrx_word' id='word_1_155' title='bbox 903 2763 1107 2844; x_wconf 86' lang='lat' dir='ltr'><strong>Tanguntur</strong></span> <span class='ocrx_word' id='word_1_156' title='bbox 1129 2782 1198 2838; x_wconf 89' lang='lat' dir='ltr'><strong>res,</strong></span> <span class='ocrx_word' id='word_1_157' title='bbox 1216 2782 1258 2826; x_wconf 87' lang='lat' dir='ltr'><strong>ea</strong></span> <span class='ocrx_word' id='word_1_158' title='bbox 1273 2773 1357 2828; x_wconf 87' lang='lat' dir='ltr'><strong>tem·</strong></span> 
     </span>
     <span class='ocr_line' id='line_1_21' title="bbox 217 2878 1356 2963; baseline -0.002 -19"><span class='ocrx_word' id='word_1_159' title='bbox 217 2891 352 2963; x_wconf 88' lang='lat' dir='ltr'><strong>pestate</strong></span> <span class='ocrx_word' id='word_1_160' title='bbox 375 2890 510 2963; x_wconf 86' lang='lat' dir='ltr'><strong>gestae,</strong></span> <span class='ocrx_word' id='word_1_161' title='bbox 533 2881 569 2942; x_wconf 93' lang='lat' dir='ltr'><strong>in</strong></span> <span class='ocrx_word' id='word_1_162' title='bbox 590 2880 754 2962; x_wconf 90' lang='lat' dir='ltr'><strong>periocha</strong></span> <span class='ocrx_word' id='word_1_163' title='bbox 777 2879 855 2942; x_wconf 89' lang='lat' dir='ltr'><strong>libri</strong></span> <span class='ocrx_word' id='word_1_164' title='bbox 878 2878 1068 2955; x_wconf 88' lang='lat' dir='ltr'><strong>LXXXV,</strong></span> <span class='ocrx_word' id='word_1_165' title='bbox 1092 2899 1114 2942; x_wconf 89' lang='lat' dir='ltr'><strong>a</strong></span> <span class='ocrx_word' id='word_1_166' title='bbox 1129 2879 1283 2954; x_wconf 91' lang='lat' dir='ltr'><strong>Vellei0‚</strong></span> <span class='ocrx_word' id='word_1_167' title='bbox 1307 2879 1356 2954; x_wconf 89' lang='lat' dir='ltr'><strong>II,</strong></span> 
     </span>
     <span class='ocr_line' id='line_1_22' title="bbox 221 2995 1358 3078; baseline -0.002 -18"><span class='ocrx_word' id='word_1_168' title='bbox 221 3020 277 3076; x_wconf 80' lang='lat'><strong>243</strong></span> <span class='ocrx_word' id='word_1_169' title='bbox 305 3017 359 3076; x_wconf 82' lang='lat'><strong>253</strong></span> <span class='ocrx_word' id='word_1_170' title='bbox 386 3018 444 3077; x_wconf 86' lang='lat'><strong>29,</strong></span> <span class='ocrx_word' id='word_1_171' title='bbox 469 3018 490 3060; x_wconf 93' lang='lat' dir='ltr'><strong>a</strong></span> <span class='ocrx_word' id='word_1_172' title='bbox 512 2997 631 3073; x_wconf 90' lang='lat' dir='ltr'><strong>Flor0,</strong></span> <span class='ocrx_word' id='word_1_173' title='bbox 647 2995 696 3070; x_wconf 90' lang='grc' dir='ltr'><strong>ΙΙ,</strong></span> <span class='ocrx_word' id='word_1_174' title='bbox 715 3019 743 3076; x_wconf 82' lang='lat' dir='ltr'><strong>q.</strong></span> <span class='ocrx_word' id='word_1_175' title='bbox 765 3002 802 3059; x_wconf 90' lang='lat'><strong>18</strong></span> <span class='ocrx_word' id='word_1_176' title='bbox 820 3017 885 3078; x_wconf 92' lang='lat' dir='ltr'><strong>sq.,</strong></span> <span class='ocrx_word' id='word_1_177' title='bbox 902 3017 923 3059; x_wconf 91' lang='lat' dir='ltr'><strong>a</strong></span> <span class='ocrx_word' id='word_1_178' title='bbox 938 2996 1067 3071; x_wconf 88' lang='lat' dir='ltr'><strong>Dione,</strong></span> <span class='ocrx_word' id='word_1_179' title='bbox 1083 2995 1131 3078; x_wconf 80' lang='lat' dir='ltr'><strong>fg.</strong></span> <span class='ocrx_word' id='word_1_180' title='bbox 1153 3001 1213 3060; x_wconf 83' lang='lat'><strong>106</strong></span> <span class='ocrx_word' id='word_1_181' title='bbox 1230 3016 1302 3078; x_wconf 92' lang='lat' dir='ltr'><strong>sqq.</strong></span> <span class='ocrx_word' id='word_1_182' title='bbox 1318 2995 1358 3077; x_wconf 76' lang='lat'><strong>⁴),</strong></span> 
     </span>
     <span class='ocr_line' id='line_1_23' title="bbox 218 3110 1407 3196; baseline -0.002 -20"><span class='ocrx_word' id='word_1_183' title='bbox 218 3135 239 3176; x_wconf 88' lang='lat' dir='ltr'><strong>a</strong></span> <span class='ocrx_word' id='word_1_184' title='bbox 261 3113 349 3176; x_wconf 92' lang='lat' dir='ltr'><strong>Iulio</strong></span> <span class='ocrx_word' id='word_1_185' title='bbox 378 3113 600 3196; x_wconf 87' lang='lat' dir='ltr'><strong>Obsequente</strong></span> <span class='ocrx_word' id='word_1_186' title='bbox 628 3119 704 3190; x_wconf 90' lang='lat'><strong>118,</strong></span> <span class='ocrx_word' id='word_1_187' title='bbox 733 3115 777 3176; x_wconf 92' lang='lat' dir='ltr'><strong>ab</strong></span> <span class='ocrx_word' id='word_1_188' title='bbox 806 3113 988 3195; x_wconf 89' lang='lat' dir='ltr'><strong>Eutropi0,</strong></span> <span class='ocrx_word' id='word_1_189' title='bbox 1015 3112 1058 3188; x_wconf 87' lang='lat' dir='ltr'><strong>V,</strong></span> <span class='ocrx_word' id='word_1_190' title='bbox 1090 3132 1118 3192; x_wconf 90' lang='lat'><strong>7,</strong></span> <span class='ocrx_word' id='word_1_191' title='bbox 1145 3114 1189 3175; x_wconf 93' lang='lat' dir='ltr'><strong>ab</strong></span> <span class='ocrx_word' id='word_1_192' title='bbox 1218 3110 1357 3188; x_wconf 90' lang='lat' dir='ltr'><strong>Orosio,</strong></span> <span class='ocrx_word' id='word_1_193' title='bbox 1404 3181 1407 3192; x_wconf 31' lang='lat'><strong>¹</strong></span> 
     </span>
     <span class='ocr_line' id='line_1_24' title="bbox 218 3229 405 3312; baseline 0.005 -20"><span class='ocrx_word' id='word_1_194' title='bbox 218 3229 262 3306; x_wconf 87' lang='lat' dir='ltr'><strong>V,</strong></span> <span class='ocrx_word' id='word_1_195' title='bbox 292 3253 329 3309; x_wconf 84' lang='lat'><strong>19</strong></span> <span class='ocrx_word' id='word_1_196' title='bbox 357 3251 405 3312; x_wconf 87' lang='lat' dir='ltr'><strong>sq.</strong></span> 
     </span>
    </p>

    <p class='ocr_par' dir='ltr' id='par_1_11' title="bbox 262 3333 1371 3434">
     <span class='ocr_line' id='line_1_25' title="bbox 262 3333 1371 3434; baseline 0.001 -28"><span class='ocrx_word' id='word_1_197' title='bbox 262 3341 345 3407; x_wconf 64' lang='lat' dir='ltr'><strong>Aah.</strong></span> <span class='ocrx_word' id='word_1_198' title='bbox 370 3343 395 3418; x_wconf 90' lang='lat' dir='ltr'><strong>I,</strong></span> <span class='ocrx_word' id='word_1_199' title='bbox 421 3349 479 3407; x_wconf 93' lang='lat'><strong>80:</strong></span> <span class='ocrx_word' id='word_1_200' title='bbox 519 3335 660 3432; x_wconf 60' lang='grc' dir='ltr'>»Γναῖος</span> <span class='ocrx_word' id='word_1_201' title='bbox 695 3333 872 3434; x_wconf 77' lang='grc' dir='ltr'>Πομπήιος</span> <span class='ocrx_word' id='word_1_202' title='bbox 908 3339 925 3406; x_wconf 83' lang='grc' dir='ltr'>ὁ</span> <span class='ocrx_word' id='word_1_203' title='bbox 961 3336 1030 3430; x_wconf 83' lang='grc' dir='ltr'>μετ’</span> <span class='ocrx_word' id='word_1_204' title='bbox 1065 3336 1102 3406; x_wconf 80' lang='grc' dir='ltr'><strong>οὐ</strong></span> <span class='ocrx_word' id='word_1_205' title='bbox 1135 3335 1220 3407; x_wconf 84' lang='grc' dir='ltr'>πολὺ</span> <span class='ocrx_word' id='word_1_206' title='bbox 1255 3337 1371 3431; x_wconf 74' lang='grc' dir='ltr'><strong>μέγας-</strong></span> 
     </span>
    </p>
   </div>
   <div class='ocr_carea' id='block_1_10' title="bbox 218 3695 1358 4168">
    <p class='ocr_par' dir='ltr' id='par_1_12' title="bbox 218 3695 1357 3874">
     <span class='ocr_line' id='line_1_26' title="bbox 263 3695 1357 3776; baseline -0.004 -19"><span class='ocrx_word' id='word_1_207' title='bbox 263 3697 286 3776; x_wconf 84' lang='lat'><strong>¹)</strong></span> <span class='ocrx_word' id='word_1_208' title='bbox 308 3700 486 3774; x_wconf 89' lang='lat' dir='ltr'><strong>Loquuntur</strong></span> <span class='ocrx_word' id='word_1_209' title='bbox 507 3698 545 3757; x_wconf 89' lang='lat' dir='ltr'><strong>de</strong></span> <span class='ocrx_word' id='word_1_210' title='bbox 566 3697 672 3757; x_wconf 87' lang='lat' dir='ltr'><strong>eadem</strong></span> <span class='ocrx_word' id='word_1_211' title='bbox 694 3717 810 3776; x_wconf 87' lang='lat' dir='ltr'><strong>pugna,</strong></span> <span class='ocrx_word' id='word_1_212' title='bbox 833 3707 865 3758; x_wconf 91' lang='lat' dir='ltr'><strong>ut</strong></span> <span class='ocrx_word' id='word_1_213' title='bbox 887 3716 903 3757; x_wconf 91' lang='lat' dir='ltr'><strong>e</strong></span> <span class='ocrx_word' id='word_1_214' title='bbox 923 3696 996 3756; x_wconf 91' lang='lat' dir='ltr'><strong>locis</strong></span> <span class='ocrx_word' id='word_1_215' title='bbox 1017 3715 1118 3756; x_wconf 88' lang='lat' dir='ltr'><strong>secum</strong></span> <span class='ocrx_word' id='word_1_216' title='bbox 1139 3695 1269 3755; x_wconf 91' lang='lat' dir='ltr'><strong>inuicem</strong></span> <span class='ocrx_word' id='word_1_217' title='bbox 1287 3714 1357 3755; x_wconf 90' lang='lat' dir='ltr'><strong>con-</strong></span> 
     </span>
     <span class='ocr_line' id='line_1_27' title="bbox 218 3795 842 3874; baseline 0 -18"><span class='ocrx_word' id='word_1_218' title='bbox 218 3795 329 3874; x_wconf 86' lang='lat' dir='ltr'><strong>paratis</strong></span> <span class='ocrx_word' id='word_1_219' title='bbox 350 3796 452 3874; x_wconf 87' lang='lat' dir='ltr'><strong>liquet.</strong></span> <span class='ocrx_word' id='word_1_220' title='bbox 474 3795 544 3855; x_wconf 92' lang='lat' dir='ltr'><strong>Vid.</strong></span> <span class='ocrx_word' id='word_1_221' title='bbox 566 3795 642 3856; x_wconf 87' lang='lat' dir='ltr'><strong>infra</strong></span> <span class='ocrx_word' id='word_1_222' title='bbox 663 3817 692 3873; x_wconf 93' lang='lat' dir='ltr'><strong>p.</strong></span> <span class='ocrx_word' id='word_1_223' title='bbox 718 3817 774 3872; x_wconf 84' lang='lat'><strong>123</strong></span> <span class='ocrx_word' id='word_1_224' title='bbox 798 3816 842 3874; x_wconf 93' lang='lat' dir='ltr'><strong>sq.</strong></span> 
     </span>
    </p>

    <p class='ocr_par' dir='ltr' id='par_1_13' title="bbox 219 3877 1358 4168">
     <span class='ocr_line' id='line_1_28' title="bbox 260 3877 1356 3977; baseline -0.003 -22"><span class='ocrx_word' id='word_1_225' title='bbox 260 3895 285 3977; x_wconf 87' lang='lat'><strong>²)</strong></span> <span class='ocrx_word' id='word_1_226' title='bbox 307 3896 378 3955; x_wconf 92' lang='lat' dir='ltr'><strong>Hoc</strong></span> <span class='ocrx_word' id='word_1_227' title='bbox 400 3893 546 3972; x_wconf 87' lang='lat' dir='ltr'><strong>proelium</strong></span> <span class='ocrx_word' id='word_1_228' title='bbox 567 3894 723 3972; x_wconf 88' lang='lat' dir='ltr'><strong>Appianus</strong></span> <span class='ocrx_word' id='word_1_229' title='bbox 736 3877 843 3954; x_wconf 42' lang='lat' dir='ltr'><strong>‘differt</strong></span> <span class='ocrx_word' id='word_1_230' title='bbox 863 3894 894 3953; x_wconf 86' lang='lat' dir='ltr'><strong>in</strong></span> <span class='ocrx_word' id='word_1_231' title='bbox 915 3913 1027 3953; x_wconf 89' lang='lat' dir='ltr'><strong>annum</strong></span> <span class='ocrx_word' id='word_1_232' title='bbox 1049 3903 1237 3972; x_wconf 87' lang='lat' dir='ltr'><strong>sequentem,</strong></span> <span class='ocrx_word' id='word_1_233' title='bbox 1259 3895 1282 3952; x_wconf 94' lang='lat' dir='ltr'><strong>I.</strong></span> <span class='ocrx_word' id='word_1_234' title='bbox 1302 3913 1356 3969; x_wconf 86' lang='lat'><strong>92:</strong></span> 
     </span>
     <span class='ocr_line' id='line_1_29' title="bbox 219 3991 1357 4080; baseline -0.001 -22"><span class='ocrx_word' id='word_1_235' title='bbox 219 4002 296 4080; x_wconf 75' lang='lat' dir='ltr'><strong>„uod</strong></span> <span class='ocrx_word' id='word_1_236' title='bbox 332 3992 517 4070; x_wconf 76' lang='grc' dir='ltr'><strong><em>Λεύκολλος</em></strong></span> <span class='ocrx_word' id='word_1_237' title='bbox 550 3997 678 4077; x_wconf 80' lang='grc' dir='ltr'><em>ἑτέρους</em></span> <span class='ocrx_word' id='word_1_238' title='bbox 710 4003 775 4060; x_wconf 78' lang='grc' dir='ltr'><strong>τῶν</strong></span> <span class='ocrx_word' id='word_1_239' title='bbox 806 3996 1025 4079; x_wconf 75' lang='grc' dir='ltr'><em>Καρβωνείων</em></span> <span class='ocrx_word' id='word_1_240' title='bbox 1052 3998 1145 4061; x_wconf 76' lang='grc' dir='ltr'><strong><em>ἐνίκα</em></strong></span> <span class='ocrx_word' id='word_1_241' title='bbox 1169 3997 1240 4078; x_wconf 74' lang='grc' dir='ltr'><strong><em>περὶ</em></strong></span> <span class='ocrx_word' id='word_1_242' title='bbox 1264 3991 1357 4057; x_wconf 83' lang='grc' dir='ltr'><strong><em>Πλα-</em></strong></span> 
     </span>
     <span class='ocr_line' id='line_1_30' title="bbox 220 4098 1358 4168; baseline -0.003 -7"><span class='ocrx_word' id='word_1_243' title='bbox 220 4104 383 4168; x_wconf 64' lang='grc' dir='ltr'><strong>κεντίαν.”</strong></span> <span class='ocrx_word' id='word_1_244' title='bbox 423 4102 498 4161; x_wconf 88' lang='lat' dir='ltr'><strong>Sunt</strong></span> <span class='ocrx_word' id='word_1_245' title='bbox 526 4110 626 4160; x_wconf 89' lang='lat' dir='ltr'><strong>autem</strong></span> <span class='ocrx_word' id='word_1_246' title='bbox 654 4099 791 4160; x_wconf 87' lang='lat' dir='ltr'><strong>Fidentia</strong></span> <span class='ocrx_word' id='word_1_247' title='bbox 818 4109 848 4160; x_wconf 91' lang='lat' dir='ltr'><strong>et</strong></span> <span class='ocrx_word' id='word_1_248' title='bbox 869 4100 1020 4160; x_wconf 88' lang='lat' dir='ltr'><strong>Placentia</strong></span> <span class='ocrx_word' id='word_1_249' title='bbox 1040 4102 1108 4160; x_wconf 88' lang='lat' dir='ltr'><strong>loca</strong></span> <span class='ocrx_word' id='word_1_250' title='bbox 1128 4099 1159 4159; x_wconf 92' lang='lat' dir='ltr'><strong>in</strong></span> <span class='ocrx_word' id='word_1_251' title='bbox 1180 4098 1276 4160; x_wconf 84' lang='lat' dir='ltr'><strong>Gallia</strong></span> <span class='ocrx_word' id='word_1_252' title='bbox 1297 4099 1358 4160; x_wconf 90' lang='lat' dir='ltr'><strong>Cis-</strong></span> 
     </span>
    </p>
   </div>
   <div class='ocr_carea' id='block_1_11' title="bbox 219 4207 1356 4586">
    <p class='ocr_par' dir='ltr' id='par_1_14' title="bbox 220 4207 1278 4287">
     <span class='ocr_line' id='line_1_31' title="bbox 220 4207 1278 4287; baseline -0.004 -19"><span class='ocrx_word' id='word_1_253' title='bbox 220 4210 339 4287; x_wconf 89' lang='lat' dir='ltr'><strong>padana</strong></span> <span class='ocrx_word' id='word_1_254' title='bbox 361 4208 415 4270; x_wconf 88' lang='lat' dir='ltr'><strong>sibi</strong></span> <span class='ocrx_word' id='word_1_255' title='bbox 436 4207 606 4286; x_wconf 89' lang='lat' dir='ltr'><strong>propinqua</strong></span> <span class='ocrx_word' id='word_1_256' title='bbox 626 4209 663 4269; x_wconf 84' lang='lat' dir='ltr'><strong>cf.</strong></span> <span class='ocrx_word' id='word_1_257' title='bbox 686 4209 819 4268; x_wconf 80' lang='lat' dir='ltr'><strong>CELLAR.</strong></span> <span class='ocrx_word' id='word_1_258' title='bbox 838 4227 941 4282; x_wconf 81' lang='lat' dir='ltr'><strong>geogr.</strong></span> <span class='ocrx_word' id='word_1_259' title='bbox 964 4215 1027 4267; x_wconf 85' lang='lat' dir='ltr'><strong>ant.</strong></span> <span class='ocrx_word' id='word_1_260' title='bbox 1050 4227 1075 4266; x_wconf 92' lang='lat' dir='ltr'><strong>c.</strong></span> <span class='ocrx_word' id='word_1_261' title='bbox 1098 4207 1155 4283; x_wconf 91' lang='lat' dir='ltr'><strong>lX,</strong></span> <span class='ocrx_word' id='word_1_262' title='bbox 1177 4227 1207 4284; x_wconf 94' lang='lat' dir='ltr'><strong>p.</strong></span> <span class='ocrx_word' id='word_1_263' title='bbox 1232 4224 1278 4281; x_wconf 86' lang='lat'><strong>70.</strong></span> 
     </span>
    </p>

    <p class='ocr_par' dir='ltr' id='par_1_15' title="bbox 219 4305 1356 4484">
     <span class='ocr_line' id='line_1_32' title="bbox 262 4305 1356 4388; baseline -0.002 -22"><span class='ocrx_word' id='word_1_264' title='bbox 262 4307 286 4388; x_wconf 89' lang='lat'><strong>³)</strong></span> <span class='ocrx_word' id='word_1_265' title='bbox 307 4308 466 4386; x_wconf 89' lang='lat' dir='ltr'><strong>Discrepat</strong></span> <span class='ocrx_word' id='word_1_266' title='bbox 486 4327 505 4366; x_wconf 89' lang='lat' dir='ltr'><strong>a</strong></span> <span class='ocrx_word' id='word_1_267' title='bbox 525 4307 686 4368; x_wconf 86' lang='lat' dir='ltr'><strong>Plutarcho</strong></span> <span class='ocrx_word' id='word_1_268' title='bbox 707 4306 737 4366; x_wconf 87' lang='lat' dir='ltr'><strong>in</strong></span> <span class='ocrx_word' id='word_1_269' title='bbox 760 4308 867 4381; x_wconf 92' lang='lat' dir='ltr'><strong>modo,</strong></span> <span class='ocrx_word' id='word_1_270' title='bbox 889 4326 950 4383; x_wconf 93' lang='lat' dir='ltr'><strong>quo</strong></span> <span class='ocrx_word' id='word_1_271' title='bbox 971 4306 1018 4366; x_wconf 91' lang='lat' dir='ltr'><strong>ille</strong></span> <span class='ocrx_word' id='word_1_272' title='bbox 1039 4306 1179 4366; x_wconf 89' lang='lat' dir='ltr'><strong>transitus</strong></span> <span class='ocrx_word' id='word_1_273' title='bbox 1192 4307 1288 4366; x_wconf 84' lang='lat' dir='ltr'><strong>sactus</strong></span> <span class='ocrx_word' id='word_1_274' title='bbox 1303 4305 1356 4380; x_wconf 88' lang='lat' dir='ltr'><strong>sit,</strong></span> 
     </span>
     <span class='ocr_line' id='line_1_33' title="bbox 219 4393 923 4484; baseline -0.001 -18"><span class='ocrx_word' id='word_1_275' title='bbox 219 4408 408 4484; x_wconf 82' lang='lat' dir='ltr'><strong>exponendo.</strong></span> <span class='ocrx_word' id='word_1_276' title='bbox 920 4393 923 4400; x_wconf 46' lang='lat'><strong>⁴</strong></span> 
     </span>
    </p>

    <p class='ocr_par' dir='ltr' id='par_1_16' title="bbox 262 4503 1356 4586">
     <span class='ocr_line' id='line_1_34' title="bbox 262 4503 1356 4586; baseline 0 -22"><span class='ocrx_word' id='word_1_277' title='bbox 262 4503 287 4586; x_wconf 76' lang='lat'><strong>4)</strong></span> <span class='ocrx_word' id='word_1_278' title='bbox 312 4505 401 4564; x_wconf 72' lang='lat' dir='ltr'><strong>Cass</strong></span> <span class='ocrx_word' id='word_1_279' title='bbox 430 4505 505 4580; x_wconf 76' lang='lat' dir='ltr'><strong>uro,</strong></span> <span class='ocrx_word' id='word_1_280' title='bbox 533 4506 581 4565; x_wconf 86' lang='lat' dir='ltr'><strong>ed.</strong></span> <span class='ocrx_word' id='word_1_281' title='bbox 610 4505 747 4565; x_wconf 84' lang='lat' dir='ltr'><strong>Dindort.</strong></span> <span class='ocrx_word' id='word_1_282' title='bbox 770 4504 885 4564; x_wconf 89' lang='lat' dir='ltr'><strong>Teubn.</strong></span> <span class='ocrx_word' id='word_1_283' title='bbox 910 4505 1002 4581; x_wconf 84' lang='lat'><strong>1863,</strong></span> <span class='ocrx_word' id='word_1_284' title='bbox 1024 4505 1092 4565; x_wconf 94' lang='lat' dir='ltr'><strong>Vol.</strong></span> <span class='ocrx_word' id='word_1_285' title='bbox 1114 4507 1137 4564; x_wconf 92' lang='grc' dir='ltr'><strong>Ι.</strong></span> <span class='ocrx_word' id='word_1_286' title='bbox 1159 4525 1189 4582; x_wconf 89' lang='lat' dir='ltr'><strong>p.</strong></span> <span class='ocrx_word' id='word_1_287' title='bbox 1214 4523 1268 4581; x_wconf 82' lang='lat'><strong>147</strong></span> <span class='ocrx_word' id='word_1_288' title='bbox 1292 4524 1356 4584; x_wconf 91' lang='lat' dir='ltr'><strong>sqq.</strong></span> 
     </span>
    </p>
   </div>
   <div class='ocr_carea' id='block_1_12' title="bbox 0 0 1648 5272">
    <p class='ocr_par' dir='ltr' id='par_1_17' title="bbox 0 0 1648 5272">
     <span class='ocr_line' id='line_1_35' title="bbox 0 0 1648 5272; baseline 0 0"><span class='ocrx_word' id='word_1_289' title='bbox 0 0 1648 5272; x_wconf 95' lang='lat' dir='ltr'><strong> </strong></span> 
     </span>
    </p>
   </div>
  </div>
 </body>
</html>
