3284 5272
592 930 1092 1017 CONCLUSIO.

316 1434 493 1515 Quatenus
515 1437 664 1516 pertinet
694 1438 739 1498 ad
772 1436 909 1498 Bellum
933 1436 1185 1520 Iugurthinum
1217 1440 1320 1498 etad
1342 1437 1411 1498 Rcs

275 1549 425 1613 Gallicas
452 1550 629 1613 Plutarchi
656 1551 759 1625 „Vita
792 1550 928 1615 Sullae”
962 1573 1008 1614 ex
1038 1553 1137 1614 huius
1160 1553 1411 1614 commentariis

271 1665 379 1728 fluxit.
423 1665 479 1727 De
513 1675 654 1728 auctore
681 1666 848 1748 Appiani,
881 1687 936 1729 res
958 1678 1077 1748 gestas
1103 1665 1225 1731 Sullae
1251 1668 1286 1729 in
1315 1667 1411 1729 Bello

271 1779 482 1863 iugurthino
503 1782 687 1855 narrantiS,
701 1783 786 1843 nihil
808 1783 913 1845 statui
935 1792 1059 1864 potest
1084 1781 1313 1856 Crediderim,
1332 1803 1410 1844 eum

271 1907 341 1949 non
369 1885 560 1967 inspexisse
594 1885 805 1950 Sallustium
849 1888 890 1950 In
919 1888 1035 1951 Rebus
1062 1887 1205 1951 Gallico
1226 1889 1411 1951 tractandis

272 2022 354 2064 usus
387 2023 463 2064 esse
495 2003 632 2065 uidetur
653 2003 752 2066 Liuio
775 2013 811 2066 et
834 2003 983 2067 Caesare
1006 2005 1120 2066 alioue
1142 2005 1327 2084 scriptore,
1357 2004 1410 2066 cui

274 2115 402 2178 Caesar
419 2116 484 2178 fuit
495 2125 624 2179 auctor.
647 2117 808 2180 Fortasse
824 2118 910 2181 Iuba
921 2118 1074 2199 Appiani
1089 2119 1274 2181 narrationi
1285 2121 1412 2181 subest

317 2233 374 2294 De
403 2230 503 2296 Sulla
523 2233 559 2294 in
591 2232 689 2295 Bello
720 2231 850 2296 „Soctuli
872 2234 1026 2296 scribens
1057 2234 1262 2297 Plutarchus
1294 2232 1411 2298 Sullae

273 2347 536 2411 commentarios
569 2349 713 2410 contulit
751 2349 956 2430 quibusdam
994 2369 1041 2411 ex
1075 2350 1151 2411 aliis
1190 2349 1411 2430 scriptoribus

273 2464 449 2545 inspersis,
471 2463 653 2545 Appianus
674 2463 764 2526 liuii
785 2464 902 2526 libros

317 2578 395 2640 Res
416 2575 577 2642 Sullanas
598 2578 634 2639 in
655 2577 753 2640 Bello
775 2575 1021 2640 Mr'lhradatico
1042 2579 1250 2642 Plutarchus
1273 2599 1319 2642 ex
1336 2579 1411 2660 ipso

275 2686 374 2757 Sulla
395 2693 495 2755 duxit
516 2693 698 2774 perpaucis
719 2693 858 2756 aliunde
880 2694 1084 2774 desumptis,
1107 2694 1291 2776 Appianus
1313 2713 1411 2766 uerO,

274 2811 367 2890 quod
394 2809 440 2870 ad
466 2809 616 2890 priorem
642 2810 728 2871 belli
757 2820 892 2890 partem
919 2810 1068 2880 adtinet,
1091 2831 1112 2873 e
1135 2810 1329 2872 Posidonio.
1372 2809 1412 2871 In

276 2924 503 2987 describenda
532 2925 722 3005 posteriore
752 2935 851 3005 parte
880 2925 979 2999 belli,
1013 2926 1129 3006 itaque
1155 2936 1235 3006 post
1259 2944 1412 3006 pugnam

276 3038 556 3114 Orchomeniam,
576 3058 689 3121 neque
710 3040 801 3102 Liuii
822 3060 935 3120 neque
955 3038 1074 3104 Sullae
1099 3042 1178 3103 libri
1195 3043 1240 3103 ab
1250 3039 1413 3121 Appiano

275 3155 420 3218 adhibiti
446 3166 533 3218 sunt
577 3154 608 3216 E
633 3174 781 3236 quonam
803 3155 973 3228 hauserit,
1003 3156 1039 3216 in
1062 3155 1176 3216 medio
1205 3155 1415 3235 relinquitur.

320 3271 418 3352 Quae
440 3271 646 3333 Plutarchus
668 3272 713 3332 de
735 3269 832 3333 Be'llo
850 3268 962 3333 Ctia'lr'
980 3270 1017 3331 in
1042 3270 1145 3344 ,Vita
1163 3267 1415 3334 Sullae”habet

275 3387 463 3448 maximam
490 3395 625 3466 partem
647 3407 669 3447 e
691 3383 810 3448 Sullae
834 3386 1087 3448 commentariis
1108 3397 1304 3457 mananmt,
1327 3405 1416 3465 quae

276 3503 321 3564 de
342 3502 410 3563 hoc
432 3501 527 3563 bello
549 3501 586 3561 in
611 3498 714 3574 ,tuta
735 3499 852 3562 Marii'
874 3502 1039 3582 leguntur
1052 3500 1178 3581 partim
1200 3503 1245 3561 ad
1266 3500 1415 3572 Liuium,

275 3617 402 3699 partim
412 3618 458 3679 ad
467 3616 692 3678 Posidonium
706 3617 860 3678 redetmt.
882 3616 1074 3698 Appianus,
1089 3636 1146 3678 res
1159 3625 1280 3698 gestas
1295 3613 1415 3677 Sullae

275 3732 311 3794 in
320 3731 418 3797 Bcllo
432 3729 544 3795 Ciuili
553 3732 701 3804 tradens,
711 3731 847 3793 Liuium
857 3732 892 3793 in
903 3741 1067 3812 promptu
1080 3732 1209 3793 habuit
1221 3731 1277 3792 Ex
1292 3731 1415 3792 eodem

275 3848 389 3910 hausit
410 3867 500 3929 quae
514 3848 560 3908 de
582 3843 737 3927 Sulpicio
759 3857 863 3927 atque
884 3848 929 3909 de
952 3847 1124 3909 erroribus
1146 3845 1249 3908 Marii
1271 3855 1415 3908 enarrat

276 3963 317 4025 In
350 3964 472 4026 ultima
500 3982 584 4026 uero
605 3973 705 4044 parte
727 3962 819 4025 uitae
842 3961 943 4024 Marii
966 3963 1172 4044 exponenda
1193 3960 1416 4024 Posidonium

276 4079 462 4161 usurpauit.
486 4078 574 4142 Cum
595 4088 711 4140 autem
725 4077 906 4159 Appianus
916 4098 1084 4159 nusquam
1094 4077 1284 4159 inspexerit
1295 4073 1415 4138 Sullae

276 4195 397 4270 libroS,
420 4194 626 4257 Plutarchus
648 4203 767 4256 contra
792 4191 866 4256 fere
887 4194 1016 4275 ubique
1039 4213 1101 4256 eos
1122 4192 1332 4264 adhibuerit,
1346 4188 1415 4251 fide

276 4323 380 4394 atque
403 4310 607 4373 auctoritate
629 4310 689 4372 ille
711 4310 792 4372 huic
811 4319 989 4390 praestare
1008 4309 1153 4372 uidetur.
