3284 5272
709 531 746 588 73

204 703 269 766 Hic
293 704 363 766 illic
387 702 567 784 Appianus
590 703 682 765 urbis
700 712 735 765 et
751 703 838 765 arcis
862 703 1071 764 mentionem
1094 700 1190 775 facit,
1215 722 1243 763 e.
1259 721 1293 782 g.

160 842 177 896 3
184 841 200 895 5
226 828 330 893 extr,
354 820 415 881 sed
438 819 558 882 transit
582 824 623 897 36
647 818 718 881 init.
745 817 924 882 confestim
948 818 992 879 ad
1015 817 1183 879 Piraeum.

203 935 284 998 Are.
309 956 348 1014 37
376 943 461 998 extr.
485 933 544 998 Ab
568 934 826 1016 oppugnatione
842 934 954 997 Piraei
971 931 1070 997 Sulla
1088 933 1295 1015 aliquamdiu

160 1050 300 1113 desistit.

203 1165 285 1228 App.
311 1172 352 1242 38
378 1176 412 1229 et
437 1188 488 1244 39.
534 1165 666 1229 Urbem
701 1175 735 1228 et
766 1185 881 1227 arcem
910 1173 1096 1246 expugnat.
1143 1163 1296 1254 Aristion

158 1302 236 1344 cum
259 1283 327 1344 suis
350 1282 555 1345 satellitibus
579 1294 734 1346 extremo
759 1279 915 1344 adficitur
939 1281 1115 1362 supplicio,

203 1398 286 1462 App.
311 1421 354 1476 40
377 1399 447 1462 init.
482 1399 535 1461 Ita
557 1399 642 1462 urbe
665 1408 768 1480 capta
797 1418 911 1461 rursus
934 1395 1032 1461 Sulla
1054 1397 1213 1460 Piraeum
1236 1398 1296 1460 ob·

158 1515 290 1578 sidione
313 1515 446 1596 premit.

202 1629 286 1694 App,
310 1653 362 1708 41.
398 1628 495 1694 Sulla
510 1631 669 1693 Piraeum
686 1639 865 1712 expugnat
880 1638 915 1693 et
930 1629 1096 1704 incendit,
1114 1638 1296 1710 postquam

158 1746 352 1809 Archelaus
386 1747 476 1810 hunc
506 1756 643 1828 portum
678 1747 860 1828 dereliquit
890 1765 1020 1828 perque
1047 1745 1229 1808 Boeotiam
1262 1746 1296 1807 in

157 1862 372 1925 Thessaliam
395 1861 568 1944 profectus
593 1873 653 1926 est.
699 1862 808 1925 Addit
831 1862 1030 1944 Appianus,
1047 1859 1180 1925 Sullam
1203 1863 1296 1943 apud

158 1978 317 2041 Piraeum
351 1980 428 2059 plus
464 1998 565 2060 quam
603 1979 695 2060 apud
729 1980 849 2041 urbem
887 1979 1042 2040 laborum
1081 1978 1295 2046 exhausisse:

158 2088 202 2178 υὁ·
229 2084 266 2155 δὲ
293 2082 420 2164 Σύλλας
446 2083 689 2182 τὀνΠειραιᾱ,
724 2091 797 2155 τοῦ
835 2084 967 2166 dcent
1007 2083 1172 2176 μᾶλλον
1210 2086 1295 2155 ἐνο-

161 2203 395 2300 χλήσαντά
423 2208 475 2294 οἱ,
503 2203 748 2301 κατεπίμπρη.”

203 2322 328 2387 Refert
361 2334 396 2388 et
425 2325 524 2388 Piur.
561 2347 616 2403 14,
649 2325 808 2388 Piraeum
831 2345 852 2387 a
875 2323 974 2389 Sulla
1003 2326 1179 2388 incensum
1203 2345 1295 2388 esse:

160 2434 254 2528 ,εἶχε
293 2433 349 2501 τὸν
393 2429 549 2529 Πειραιᾶ,
598 2433 663 2502 καὶ
701 2431 751 2503 τὰ
796 2434 950 2512 πλεῖςα
996 2431 1295 2503 κατέκαυσεν.”

159 2558 340 2640 Appianus
363 2560 407 2622 de
432 2557 697 2624 armamentario
726 2561 870 2640 loquens
906 2552 1114 2649 (φειδόμενος
1142 2551 1217 2622 οὔτε
1234 2559 1295 2650 τῆς

160 2669 369 2769 ὁπλοθήκης)
401 2699 469 2741 non
493 2680 603 2753 addit,
626 2680 692 2741 hoc
723 2669 980 2764 θαυμαζόμενον
1016 2673 1112 2768 ἔργον
1147 2679 1245 2762 (sicut
1275 2700 1295 2741 a

159 2793 344 2856 Plutarcho
368 2792 571 2874 adpellatur)
594 2791 748 2854 Philonis
771 2790 884 2856 fuisse.

204 2899 273 2963 Cur
294 2908 410 2962 autem
433 2898 626 2962 Archelaus
648 2898 808 2962 Piraeum
824 2899 999 2981 reliquerit
1014 2900 1295 2982 Thessaliamque

158 3015 296 3096 petierit
318 3014 500 3096 Appianus
522 3035 592 3076 non
615 3014 706 3077 dicit.

205 3130 331 3204 Causa,
355 3148 457 3211 quam
480 3129 685 3192 Plutarchus
699 3127 824 3203 adfert,
841 3139 894 3192 est
909 3128 1120 3192 Archelaum
1136 3149 1157 3190 a
1172 3128 1295 3191 Taxile

159 3256 319 3310 uocatum
350 3265 426 3308 esse
457 3255 492 3308 et
523 3245 660 3327 quidem
684 3266 703 3307 e
727 3254 828 3326 portu
850 3244 1054 3326 Munychia,
1082 3244 1141 3307 ubi
1163 3245 1199 3307 in
1227 3255 1295 3308 sta·

158 3364 251 3427 tione
275 3371 374 3424 esset.

203 3478 415 3541 Dissentiunt
438 3477 543 3559 igitur
564 3497 585 3538 a
608 3498 645 3539 se
668 3477 815 3539 inuicem
838 3487 1017 3558 tantopere
1041 3478 1244 3540 Plutarchus
1261 3489 1295 3542 et

159 3594 355 3676 Appianum
378 3602 417 3656 ut
438 3612 653 3674 nequaquam
677 3592 939 3654 existimandum
961 3593 1019 3667 sit,
1037 3613 1097 3656 eos
1113 3613 1158 3655 ex
1174 3595 1294 3655 eodem
1343 3599 1345 3603 '

158 3710 310 3772 hausisse
333 3708 435 3772 fonte.
481 3708 693 3772 Contrariam
717 3707 1060 3790 opinionemprofert
1075 3709 1178 3780 Lam,
1202 3709 1294 3772 Plut.

159 3831 193 3889 et
224 3824 308 3910 App.
343 3845 375 3906 p.
408 3830 427 3887 6
463 3846 528 3906 sq.,
562 3825 611 3887 ita
633 3826 826 3907 disputans:
854 3825 906 3900 ,in
937 3825 1030 3888 hisce
1057 3824 1237 3906 Appianas
1261 3836 1296 3888 et

159 3942 362 4004 Plutarchus
384 3961 439 4003 res
462 3941 510 4003 ita
534 3950 691 4002 enarrant
715 3949 749 4002 et
772 3941 971 4021 disponunt,
995 3950 1033 4004 ut
1055 3961 1100 4003 ex
1119 3961 1187 4003 uno
1201 3940 1295 4005 fonte

158 4057 293 4119 haurire
327 4057 514 4138 potuerint,
548 4075 617 4118 non
650 4057 699 4118 ita
733 4065 771 4119 ut
802 4057 996 4120 necessario
1030 4077 1134 4118 unum
1167 4057 1294 4119 habere

159 4171 363 4234 debuerint.”
407 4171 496 4234 Tum
523 4169 629 4234 fretus
653 4172 785 4234 duobus
808 4172 907 4234 locis:
942 4172 1040 4234 Paua.
1069 4193 1124 4243 12,
1147 4173 1206 4234 ubi
1239 4172 1294 4235 hic
1325 4168 1328 4174 ’

164 4286 315 4364 ,Sullam
329 4288 372 4360 in
395 4306 512 4350 eorum
534 4307 675 4349 numero
698 4288 810 4368 ponit,
836 4288 893 4369 qui
916 4287 965 4363 ui,
982 4308 1050 4349 non
1064 4288 1188 4350 uirtute
1204 4288 1294 4369 prin·

160 4404 310 4485 cipatum
326 4403 544 4466 obtinuerunt
566 4401 617 4484 (cf.
634 4424 666 4485 p.
687 4424 725 4482 72
748 4412 816 4466 not.
837 4403 879 4482 1)”
900 4413 935 4465 et
950 4403 1049 4466 Prur.
1072 4426 1125 4480 14,
1145 4404 1199 4466 cui
1216 4404 1293 4466 loco

165 4525 331 4603 „paruum
365 4519 525 4582 indicium
547 4520 649 4593 inest,
678 4519 898 4581 Plutarchum
922 4539 990 4581 non
1020 4516 1132 4582 omnia
1156 4541 1175 4581 e
1199 4518 1295 4584 Sulla
