<?xml version="1.0" encoding="UTF-8"?>
<!DOCTYPE html PUBLIC "-//W3C//DTD XHTML 1.0 Transitional//EN"
    "http://www.w3.org/TR/xhtml1/DTD/xhtml1-transitional.dtd">
<html xmlns="http://www.w3.org/1999/xhtml" xml:lang="en" lang="en">
 <head>
  <title>
</title>
<meta http-equiv="Content-Type" content="text/html;charset=utf-8" />
  <meta name='ocr-system' content='tesseract 3.04.00' />
  <meta name='ocr-capabilities' content='ocr_page ocr_carea ocr_par ocr_line ocrx_word'/>
</head>
<body>
  <div class='ocr_page' id='page_1' title='image "./defontibuspluta00kuypgoog_0053.png"; bbox 0 0 3286 5272; ppageno 0'>
   <div class='ocr_carea' id='block_1_1' title="bbox 874 511 914 582">
    <p class='ocr_par' dir='ltr' id='par_1_1' title="bbox 874 511 914 582">
     <span class='ocr_line' id='line_1_1' title="bbox 874 511 914 582; baseline 0 -14"><span class='ocrx_word' id='word_1_1' title='bbox 874 511 914 582; x_wconf 85' lang='lat'>38</span> 
     </span>
    </p>
   </div>
   <div class='ocr_carea' id='block_1_2' title="bbox 315 672 1470 4255">
    <p class='ocr_par' dir='ltr' id='par_1_2' title="bbox 315 672 1459 894">
     <span class='ocr_line' id='line_1_2' title="bbox 315 672 1459 782; baseline 0.011 -32"><span class='ocrx_word' id='word_1_2' title='bbox 315 672 409 740; x_wconf 71' lang='lat' dir='ltr'>di00·</span> <span class='ocrx_word' id='word_1_3' title='bbox 435 699 593 753; x_wconf 81' lang='lat' dir='ltr'>Summae</span> <span class='ocrx_word' id='word_1_4' title='bbox 616 693 824 777; x_wconf 86' lang='lat' dir='ltr'>integritatis</span> <span class='ocrx_word' id='word_1_5' title='bbox 846 698 942 772; x_wconf 89' lang='lat' dir='ltr'>uiro,</span> <span class='ocrx_word' id='word_1_6' title='bbox 965 699 1047 761; x_wconf 89' lang='lat' dir='ltr'>item</span> <span class='ocrx_word' id='word_1_7' title='bbox 1070 709 1148 780; x_wconf 91' lang='lat' dir='ltr'>post</span> <span class='ocrx_word' id='word_1_8' title='bbox 1172 700 1317 762; x_wconf 89' lang='lat' dir='ltr'>reditum</span> <span class='ocrx_word' id='word_1_9' title='bbox 1341 722 1361 762; x_wconf 90' lang='lat' dir='ltr'>e</span> <span class='ocrx_word' id='word_1_10' title='bbox 1383 721 1459 782; x_wconf 88' lang='lat' dir='ltr'>pro-</span> 
     </span>
     <span class='ocr_line' id='line_1_3' title="bbox 316 799 1004 894; baseline 0.041 -44"><span class='ocrx_word' id='word_1_11' title='bbox 316 799 479 872; x_wconf 87' lang='lat' dir='ltr'>praetura</span> <span class='ocrx_word' id='word_1_12' title='bbox 502 811 770 887; x_wconf 85' lang='lat' dir='ltr'>repetundarum</span> <span class='ocrx_word' id='word_1_13' title='bbox 793 823 956 877; x_wconf 89' lang='lat' dir='ltr'>accusato</span> <span class='ocrx_word' id='word_1_14' title='bbox 975 809 1004 894; x_wconf 62' lang='grc' dir='ltr'>ί).</span> 
     </span>
    </p>

    <p class='ocr_par' dir='ltr' id='par_1_3' title="bbox 319 907 1461 1242">
     <span class='ocr_line' id='line_1_4' title="bbox 361 907 1461 1012; baseline 0.019 -39"><span class='ocrx_word' id='word_1_15' title='bbox 361 907 460 976; x_wconf 84' lang='lat' dir='ltr'>Haec</span> <span class='ocrx_word' id='word_1_16' title='bbox 496 929 601 1004; x_wconf 87' lang='lat' dir='ltr'>atque</span> <span class='ocrx_word' id='word_1_17' title='bbox 632 927 716 990; x_wconf 90' lang='lat' dir='ltr'>talia</span> <span class='ocrx_word' id='word_1_18' title='bbox 746 938 826 992; x_wconf 91' lang='lat' dir='ltr'>ante</span> <span class='ocrx_word' id='word_1_19' title='bbox 857 930 975 992; x_wconf 91' lang='lat' dir='ltr'>oculos</span> <span class='ocrx_word' id='word_1_20' title='bbox 1004 930 1190 994; x_wconf 83' lang='lat' dir='ltr'>habentem</span> <span class='ocrx_word' id='word_1_21' title='bbox 1222 932 1296 1012; x_wconf 91' lang='lat' dir='ltr'>quis</span> <span class='ocrx_word' id='word_1_22' title='bbox 1319 931 1461 994; x_wconf 91' lang='lat' dir='ltr'>miretur</span> 
     </span>
     <span class='ocr_line' id='line_1_5' title="bbox 319 1025 1461 1128; baseline 0.01 -29"><span class='ocrx_word' id='word_1_23' title='bbox 319 1025 428 1090; x_wconf 75' lang='lat' dir='ltr'>ulrum</span> <span class='ocrx_word' id='word_1_24' title='bbox 462 1032 609 1114; x_wconf 90' lang='lat' dir='ltr'>bonum,</span> <span class='ocrx_word' id='word_1_25' title='bbox 643 1045 804 1123; x_wconf 91' lang='lat' dir='ltr'>probum,</span> <span class='ocrx_word' id='word_1_26' title='bbox 839 1065 941 1127; x_wconf 91' lang='lat' dir='ltr'>quem</span> <span class='ocrx_word' id='word_1_27' title='bbox 972 1046 1155 1110; x_wconf 89' lang='lat' dir='ltr'>miserebat</span> <span class='ocrx_word' id='word_1_28' title='bbox 1178 1047 1381 1110; x_wconf 91' lang='lat' dir='ltr'>conditionis</span> <span class='ocrx_word' id='word_1_29' title='bbox 1403 1068 1461 1128; x_wconf 87' lang='lat' dir='ltr'>pa-</span> 
     </span>
     <span class='ocr_line' id='line_1_6' title="bbox 320 1143 1372 1242; baseline 0.017 -36"><span class='ocrx_word' id='word_1_30' title='bbox 320 1143 419 1218; x_wconf 83' lang='lat' dir='ltr'>triae,</span> <span class='ocrx_word' id='word_1_31' title='bbox 443 1149 489 1212; x_wconf 86' lang='lat' dir='ltr'>ab</span> <span class='ocrx_word' id='word_1_32' title='bbox 513 1156 736 1236; x_wconf 86' lang='lat' dir='ltr'>optimatibus</span> <span class='ocrx_word' id='word_1_33' title='bbox 759 1162 803 1223; x_wconf 93' lang='lat' dir='ltr'>ad</span> <span class='ocrx_word' id='word_1_34' title='bbox 826 1172 941 1242; x_wconf 90' lang='lat' dir='ltr'>partes</span> <span class='ocrx_word' id='word_1_35' title='bbox 964 1162 1137 1226; x_wconf 84' lang='lat' dir='ltr'>transiisse</span> <span class='ocrx_word' id='word_1_36' title='bbox 1164 1163 1372 1226; x_wconf 89' lang='lat' dir='ltr'>contrarias?</span> 
     </span>
    </p>

    <p class='ocr_par' dir='ltr' id='par_1_4' title="bbox 323 1261 1463 1581">
     <span class='ocr_line' id='line_1_7' title="bbox 365 1261 1463 1355; baseline 0.014 -31"><span class='ocrx_word' id='word_1_37' title='bbox 365 1261 443 1327; x_wconf 88' lang='lat' dir='ltr'>Hoc</span> <span class='ocrx_word' id='word_1_38' title='bbox 477 1268 523 1332; x_wconf 89' lang='lat' dir='ltr'>de</span> <span class='ocrx_word' id='word_1_39' title='bbox 558 1269 712 1355; x_wconf 88' lang='lat' dir='ltr'>Sulpicio</span> <span class='ocrx_word' id='word_1_40' title='bbox 746 1277 904 1340; x_wconf 89' lang='lat' dir='ltr'>uniuerse</span> <span class='ocrx_word' id='word_1_41' title='bbox 936 1278 1063 1340; x_wconf 86' lang='lat' dir='ltr'>dictum</span> <span class='ocrx_word' id='word_1_42' title='bbox 1087 1279 1139 1340; x_wconf 81' lang='lat' dir='ltr'>sit</span> <span class='ocrx_word' id='word_1_43' title='bbox 1171 1279 1245 1341; x_wconf 92' lang='lat' dir='ltr'>Iam</span> <span class='ocrx_word' id='word_1_44' title='bbox 1279 1279 1322 1340; x_wconf 91' lang='lat' dir='ltr'>de</span> <span class='ocrx_word' id='word_1_45' title='bbox 1357 1279 1463 1340; x_wconf 88' lang='lat' dir='ltr'>rebus</span> 
     </span>
     <span class='ocr_line' id='line_1_8' title="bbox 323 1381 1461 1474; baseline 0.011 -31"><span class='ocrx_word' id='word_1_46' title='bbox 323 1381 486 1464; x_wconf 84' lang='lat' dir='ltr'>singulis,</span> <span class='ocrx_word' id='word_1_47' title='bbox 515 1389 561 1450; x_wconf 89' lang='lat' dir='ltr'>ad</span> <span class='ocrx_word' id='word_1_48' title='bbox 584 1409 783 1470; x_wconf 86' lang='lat' dir='ltr'>personam,</span> <span class='ocrx_word' id='word_1_49' title='bbox 806 1393 928 1466; x_wconf 87' lang='lat' dir='ltr'>uitam,</span> <span class='ocrx_word' id='word_1_50' title='bbox 953 1403 1030 1456; x_wconf 87' lang='lat' dir='ltr'>acta</span> <span class='ocrx_word' id='word_1_51' title='bbox 1053 1393 1178 1456; x_wconf 88' lang='lat' dir='ltr'>tribuni</span> <span class='ocrx_word' id='word_1_52' title='bbox 1201 1394 1461 1474; x_wconf 71' lang='lat' dir='ltr'>pertinentibus</span> 
     </span>
     <span class='ocr_line' id='line_1_9' title="bbox 323 1499 514 1581; baseline 0.016 -19"><span class='ocrx_word' id='word_1_53' title='bbox 323 1499 514 1581; x_wconf 81' lang='lat' dir='ltr'>disputabo,</span> 
     </span>
    </p>

    <p class='ocr_par' dir='ltr' id='par_1_5' title="bbox 327 1613 1465 2416">
     <span class='ocr_line' id='line_1_10' title="bbox 367 1613 1465 1713; baseline 0.009 -37"><span class='ocrx_word' id='word_1_54' title='bbox 367 1613 461 1678; x_wconf 91' lang='lat' dir='ltr'>Dicit</span> <span class='ocrx_word' id='word_1_55' title='bbox 483 1615 583 1682; x_wconf 79' lang='lat' dir='ltr'>Prur.</span> <span class='ocrx_word' id='word_1_56' title='bbox 609 1618 695 1684; x_wconf 85' lang='lat' dir='ltr'>Sull.</span> <span class='ocrx_word' id='word_1_57' title='bbox 719 1627 755 1684; x_wconf 91' lang='lat'>8:</span> <span class='ocrx_word' id='word_1_58' title='bbox 790 1617 931 1712; x_wconf 53' lang='grc' dir='ltr'>,ἔτρεφε</span> <span class='ocrx_word' id='word_1_59' title='bbox 958 1617 994 1686; x_wconf 81' lang='grc' dir='ltr'>δὲ</span> <span class='ocrx_word' id='word_1_60' title='bbox 1020 1616 1238 1705; x_wconf 79' lang='grc' dir='ltr'>(Σουλπίκιος)</span> <span class='ocrx_word' id='word_1_61' title='bbox 1267 1617 1465 1713; x_wconf 77' lang='grc' dir='ltr'>τρισχιλίους</span> 
     </span>
     <span class='ocr_line' id='line_1_11' title="bbox 327 1730 1463 1832; baseline 0.004 -35"><span class='ocrx_word' id='word_1_62' title='bbox 327 1730 623 1828; x_wconf 75' lang='grc' dir='ltr'>,,μαχαιροφο’ροος</span> <span class='ocrx_word' id='word_1_63' title='bbox 648 1733 701 1803; x_wconf 81' lang='grc' dir='ltr'>καί</span> <span class='ocrx_word' id='word_1_64' title='bbox 726 1733 858 1831; x_wconf 76' lang='grc' dir='ltr'>πλῆθος</span> <span class='ocrx_word' id='word_1_65' title='bbox 886 1739 1025 1804; x_wconf 81' lang='grc' dir='ltr'>ἱππικῶν</span> <span class='ocrx_word' id='word_1_66' title='bbox 1053 1736 1250 1830; x_wconf 69' lang='grc' dir='ltr'>νεανίσκων,</span> <span class='ocrx_word' id='word_1_67' title='bbox 1277 1737 1360 1832; x_wconf 73' lang='grc' dir='ltr'>πρὸς</span> <span class='ocrx_word' id='word_1_68' title='bbox 1374 1733 1463 1806; x_wconf 84' lang='grc' dir='ltr'>ἅπαν</span> 
     </span>
     <span class='ocr_line' id='line_1_12' title="bbox 329 1850 1463 1951; baseline 0.002 -31"><span class='ocrx_word' id='word_1_69' title='bbox 329 1850 503 1943; x_wconf 80' lang='grc' dir='ltr'>,,ἑτοίμων,</span> <span class='ocrx_word' id='word_1_70' title='bbox 531 1852 606 1949; x_wconf 80' lang='grc' dir='ltr'>περί</span> <span class='ocrx_word' id='word_1_71' title='bbox 632 1855 731 1924; x_wconf 74' lang='grc' dir='ltr'>αὑτὸν</span> <span class='ocrx_word' id='word_1_72' title='bbox 759 1857 868 1951; x_wconf 62' lang='grc' dir='ltr'>εἶχεν,</span> <span class='ocrx_word' id='word_1_73' title='bbox 897 1854 953 1933; x_wconf 86' lang='grc' dir='ltr'>οὓς</span> <span class='ocrx_word' id='word_1_74' title='bbox 980 1853 1236 1951; x_wconf 80' lang='grc' dir='ltr'>ἀντισύγκλητον</span> <span class='ocrx_word' id='word_1_75' title='bbox 1256 1854 1463 1948; x_wconf 75' lang='grc' dir='ltr'>ὠνόμαζεν,”</span> 
     </span>
     <span class='ocr_line' id='line_1_13' title="bbox 327 1971 1465 2059; baseline 0.005 -27"><span class='ocrx_word' id='word_1_76' title='bbox 327 1971 415 2032; x_wconf 88' lang='lat' dir='ltr'>Turn</span> <span class='ocrx_word' id='word_1_77' title='bbox 447 1971 490 2033; x_wconf 88' lang='lat' dir='ltr'>de</span> <span class='ocrx_word' id='word_1_78' title='bbox 521 1973 658 2056; x_wconf 84' lang='lat' dir='ltr'>legibus</span> <span class='ocrx_word' id='word_1_79' title='bbox 689 1972 832 2057; x_wconf 90' lang='lat' dir='ltr'>Sulpicii</span> <span class='ocrx_word' id='word_1_80' title='bbox 856 1977 998 2058; x_wconf 89' lang='lat' dir='ltr'>loquens</span> <span class='ocrx_word' id='word_1_81' title='bbox 1020 1977 1068 2039; x_wconf 91' lang='lat' dir='ltr'>ita</span> <span class='ocrx_word' id='word_1_82' title='bbox 1091 1977 1207 2059; x_wconf 85' lang='lat' dir='ltr'>pergit</span> <span class='ocrx_word' id='word_1_83' title='bbox 1228 1978 1346 2058; x_wconf 88' lang='lat' dir='ltr'>paullo</span> <span class='ocrx_word' id='word_1_84' title='bbox 1369 1985 1465 2058; x_wconf 89' lang='lat' dir='ltr'>post:</span> 
     </span>
     <span class='ocr_line' id='line_1_14' title="bbox 330 2078 1465 2180; baseline 0.003 -30"><span class='ocrx_word' id='word_1_85' title='bbox 330 2078 514 2176; x_wconf 77' lang='grc' dir='ltr'>,,ἀπραξίοις</span> <span class='ocrx_word' id='word_1_86' title='bbox 540 2081 577 2151; x_wconf 80' lang='grc' dir='ltr'>δὲ</span> <span class='ocrx_word' id='word_1_87' title='bbox 603 2081 655 2151; x_wconf 85' lang='grc' dir='ltr'>διὰ</span> <span class='ocrx_word' id='word_1_88' title='bbox 682 2088 786 2154; x_wconf 85' lang='grc' dir='ltr'>ταῦτα</span> <span class='ocrx_word' id='word_1_89' title='bbox 813 2089 879 2152; x_wconf 85' lang='grc' dir='ltr'>τῶν</span> <span class='ocrx_word' id='word_1_90' title='bbox 907 2081 1043 2154; x_wconf 83' lang='grc' dir='ltr'>ὑπάτων</span> <span class='ocrx_word' id='word_1_91' title='bbox 1064 2085 1322 2180; x_wconf 82' lang='grc' dir='ltr'>ψηφισαμένων,</span> <span class='ocrx_word' id='word_1_92' title='bbox 1343 2085 1465 2176; x_wconf 81' lang='grc' dir='ltr'>ἐπαγα-</span> 
     </span>
     <span class='ocr_line' id='line_1_15' title="bbox 329 2199 1464 2300; baseline 0.002 -32"><span class='ocrx_word' id='word_1_93' title='bbox 329 2199 419 2293; x_wconf 75' lang='grc' dir='ltr'>,,·ρὼν</span> <span class='ocrx_word' id='word_1_94' title='bbox 446 2199 555 2279; x_wconf 78' lang='grc' dir='ltr'>αὐτοῖς</span> <span class='ocrx_word' id='word_1_95' title='bbox 582 2201 832 2299; x_wconf 65' lang='grc' dir='ltr'>ἐκκλησιάζουσι</span> <span class='ocrx_word' id='word_1_96' title='bbox 866 2203 941 2300; x_wconf 74' lang='grc' dir='ltr'>περὶ</span> <span class='ocrx_word' id='word_1_97' title='bbox 967 2205 1022 2274; x_wconf 70' lang='grc' dir='ltr'>τὸν</span> <span class='ocrx_word' id='word_1_98' title='bbox 1049 2203 1134 2273; x_wconf 83' lang='grc' dir='ltr'>νεὼν</span> <span class='ocrx_word' id='word_1_99' title='bbox 1162 2209 1228 2274; x_wconf 84' lang='grc' dir='ltr'>τῶν</span> <span class='ocrx_word' id='word_1_100' title='bbox 1257 2201 1464 2299; x_wconf 80' lang='grc' dir='ltr'>Διοσκούρων</span> 
     </span>
     <span class='ocr_line' id='line_1_16' title="bbox 328 2319 1222 2416; baseline 0.002 -27"><span class='ocrx_word' id='word_1_101' title='bbox 328 2319 464 2416; x_wconf 62' lang='grc' dir='ltr'>,,ὅχλον,</span> <span class='ocrx_word' id='word_1_102' title='bbox 493 2319 613 2400; x_wconf 78' lang='grc' dir='ltr'>ἄλλους</span> <span class='ocrx_word' id='word_1_103' title='bbox 639 2348 675 2392; x_wconf 84' lang='grc' dir='ltr'>τε</span> <span class='ocrx_word' id='word_1_104' title='bbox 700 2322 843 2401; x_wconf 83' lang='grc' dir='ltr'>πολλοὺς</span> <span class='ocrx_word' id='word_1_105' title='bbox 869 2324 922 2394; x_wconf 78' lang='grc' dir='ltr'>καί</span> <span class='ocrx_word' id='word_1_106' title='bbox 931 2378 1033 2392; x_wconf 94' lang='grc'><strong>.....</strong></span> <span class='ocrx_word' id='word_1_107' title='bbox 1062 2321 1222 2394; x_wconf 83' lang='grc' dir='ltr'>ἀνεῖλεν,”</span> 
     </span>
    </p>

    <p class='ocr_par' dir='ltr' id='par_1_6' title="bbox 327 2439 1467 3449">
     <span class='ocr_line' id='line_1_17' title="bbox 370 2439 1466 2521; baseline 0.002 -19"><span class='ocrx_word' id='word_1_108' title='bbox 370 2439 477 2521; x_wconf 88' lang='lat' dir='ltr'><strong>Apud</strong></span> <span class='ocrx_word' id='word_1_109' title='bbox 510 2440 592 2504; x_wconf 71' lang='lat' dir='ltr'>Am.</span> <span class='ocrx_word' id='word_1_110' title='bbox 627 2443 668 2504; x_wconf 91' lang='lat' dir='ltr'>B.</span> <span class='ocrx_word' id='word_1_111' title='bbox 707 2442 741 2505; x_wconf 90' lang='lat' dir='ltr'>C.</span> <span class='ocrx_word' id='word_1_112' title='bbox 777 2443 802 2505; x_wconf 91' lang='lat' dir='ltr'>I.</span> <span class='ocrx_word' id='word_1_113' title='bbox 843 2448 884 2520; x_wconf 81' lang='lat'>56</span> <span class='ocrx_word' id='word_1_114' title='bbox 919 2464 975 2506; x_wconf 90' lang='lat' dir='ltr'>res</span> <span class='ocrx_word' id='word_1_115' title='bbox 1010 2452 1083 2506; x_wconf 91' lang='lat' dir='ltr'>toto</span> <span class='ocrx_word' id='word_1_116' title='bbox 1118 2444 1217 2505; x_wconf 89' lang='lat' dir='ltr'>coelo</span> <span class='ocrx_word' id='word_1_117' title='bbox 1249 2443 1404 2505; x_wconf 90' lang='lat' dir='ltr'>diuersae</span> <span class='ocrx_word' id='word_1_118' title='bbox 1443 2463 1466 2504; x_wconf 87' lang='lat' dir='ltr'>a</span> 
     </span>
     <span class='ocr_line' id='line_1_18' title="bbox 327 2556 1467 2623; baseline 0.003 -6"><span class='ocrx_word' id='word_1_119' title='bbox 327 2556 519 2619; x_wconf 88' lang='lat' dir='ltr'>narratione</span> <span class='ocrx_word' id='word_1_120' title='bbox 542 2557 718 2621; x_wconf 89' lang='lat' dir='ltr'>Plutarchi</span> <span class='ocrx_word' id='word_1_121' title='bbox 741 2567 935 2622; x_wconf 89' lang='lat' dir='ltr'>tractantur.</span> <span class='ocrx_word' id='word_1_122' title='bbox 971 2559 1065 2622; x_wconf 92' lang='lat' dir='ltr'>Nihil</span> <span class='ocrx_word' id='word_1_123' title='bbox 1088 2559 1178 2621; x_wconf 90' lang='lat' dir='ltr'>enim</span> <span class='ocrx_word' id='word_1_124' title='bbox 1200 2559 1308 2623; x_wconf 91' lang='lat' dir='ltr'>habet</span> <span class='ocrx_word' id='word_1_125' title='bbox 1330 2560 1374 2621; x_wconf 90' lang='lat' dir='ltr'>de</span> <span class='ocrx_word' id='word_1_126' title='bbox 1397 2559 1467 2621; x_wconf 92' lang='lat' dir='ltr'>illis</span> 
     </span>
     <span class='ocr_line' id='line_1_19' title="bbox 329 2663 1465 2763; baseline 0.002 -31"><span class='ocrx_word' id='word_1_127' title='bbox 329 2664 602 2762; x_wconf 82' lang='grc' dir='ltr'>μαχαιροφόροις,</span> <span class='ocrx_word' id='word_1_128' title='bbox 621 2693 733 2753; x_wconf 87' lang='lat' dir='ltr'>neque</span> <span class='ocrx_word' id='word_1_129' title='bbox 749 2673 793 2735; x_wconf 90' lang='lat' dir='ltr'>de</span> <span class='ocrx_word' id='word_1_130' title='bbox 809 2663 1174 2763; x_wconf 78' lang='grc' dir='ltr'>νεανίσκοιςπρλςᾶπαν</span> <span class='ocrx_word' id='word_1_131' title='bbox 1184 2667 1335 2759; x_wconf 83' lang='grc' dir='ltr'>ἑτοίμοις,</span> <span class='ocrx_word' id='word_1_132' title='bbox 1353 2692 1465 2753; x_wconf 90' lang='lat' dir='ltr'>neque</span> 
     </span>
     <span class='ocr_line' id='line_1_20' title="bbox 327 2785 1465 2868; baseline 0.001 -23"><span class='ocrx_word' id='word_1_133' title='bbox 327 2785 370 2846; x_wconf 91' lang='lat' dir='ltr'>de</span> <span class='ocrx_word' id='word_1_134' title='bbox 387 2793 625 2848; x_wconf 83' lang='lat' dir='ltr'>contrasenatu</span> <span class='ocrx_word' id='word_1_135' title='bbox 640 2785 798 2867; x_wconf 91' lang='lat' dir='ltr'>loquitur.</span> <span class='ocrx_word' id='word_1_136' title='bbox 821 2786 1023 2868; x_wconf 90' lang='lat' dir='ltr'>Loquuntur</span> <span class='ocrx_word' id='word_1_137' title='bbox 1038 2787 1141 2849; x_wconf 91' lang='lat' dir='ltr'>ambo</span> <span class='ocrx_word' id='word_1_138' title='bbox 1156 2787 1200 2848; x_wconf 91' lang='lat' dir='ltr'>de</span> <span class='ocrx_word' id='word_1_139' title='bbox 1220 2786 1350 2849; x_wconf 88' lang='lat' dir='ltr'>iustitio</span> <span class='ocrx_word' id='word_1_140' title='bbox 1365 2785 1465 2867; x_wconf 87' lang='lat' dir='ltr'>(Plut.</span> 
     </span>
     <span class='ocr_line' id='line_1_21' title="bbox 328 2871 1465 2989; baseline -0.003 -28"><span class='ocrx_word' id='word_1_141' title='bbox 328 2890 500 2987; x_wconf 77' lang='grc' dir='ltr'>ἀπραξίαι;</span> <span class='ocrx_word' id='word_1_142' title='bbox 525 2898 618 2980; x_wconf 91' lang='lat' dir='ltr'><strong>App.</strong></span> <span class='ocrx_word' id='word_1_143' title='bbox 642 2890 755 2989; x_wconf 76' lang='grc' dir='ltr'>ἀργία)</span> <span class='ocrx_word' id='word_1_144' title='bbox 772 2909 808 2963; x_wconf 87' lang='lat' dir='ltr'>et</span> <span class='ocrx_word' id='word_1_145' title='bbox 823 2900 867 2961; x_wconf 92' lang='lat' dir='ltr'>de</span> <span class='ocrx_word' id='word_1_146' title='bbox 882 2899 1030 2961; x_wconf 90' lang='lat' dir='ltr'>tumultu</span> <span class='ocrx_word' id='word_1_147' title='bbox 1045 2898 1079 2960; x_wconf 93' lang='lat' dir='ltr'>in</span> <span class='ocrx_word' id='word_1_148' title='bbox 1098 2897 1189 2972; x_wconf 87' lang='lat' dir='ltr'>foro,</span> <span class='ocrx_word' id='word_1_149' title='bbox 1208 2898 1270 2960; x_wconf 90' lang='lat' dir='ltr'>sed</span> <span class='ocrx_word' id='word_1_150' title='bbox 1285 2871 1465 2979; x_wconf 89' lang='lat' dir='ltr'>Appianus</span> 
     </span>
     <span class='ocr_line' id='line_1_22' title="bbox 327 3009 1466 3099; baseline -0.002 -21"><span class='ocrx_word' id='word_1_151' title='bbox 327 3017 423 3091; x_wconf 90' lang='lat' dir='ltr'>dicit,</span> <span class='ocrx_word' id='word_1_152' title='bbox 439 3015 629 3099; x_wconf 91' lang='lat' dir='ltr'>Sulpicium</span> <span class='ocrx_word' id='word_1_153' title='bbox 645 3010 720 3088; x_wconf 81' lang='grc' dir='ltr'>τοὺς</span> <span class='ocrx_word' id='word_1_154' title='bbox 739 3009 904 3092; x_wconf 76' lang='grc' dir='ltr'>ςασιώτας</span> <span class='ocrx_word' id='word_1_155' title='bbox 928 3017 1074 3090; x_wconf 86' lang='lat' dir='ltr'>iussisse,</span> <span class='ocrx_word' id='word_1_156' title='bbox 1091 3017 1125 3077; x_wconf 93' lang='lat' dir='ltr'>in</span> <span class='ocrx_word' id='word_1_157' title='bbox 1141 3015 1215 3077; x_wconf 89' lang='lat' dir='ltr'>foro</span> <span class='ocrx_word' id='word_1_158' title='bbox 1230 3024 1368 3096; x_wconf 87' lang='lat' dir='ltr'>praesto</span> <span class='ocrx_word' id='word_1_159' title='bbox 1381 3035 1466 3088; x_wconf 85' lang='lat' dir='ltr'>esse,</span> 
     </span>
     <span class='ocr_line' id='line_1_23' title="bbox 327 3129 1465 3206; baseline -0.001 -15"><span class='ocrx_word' id='word_1_160' title='bbox 327 3129 405 3192; x_wconf 90' lang='lat' dir='ltr'>sicis</span> <span class='ocrx_word' id='word_1_161' title='bbox 436 3131 499 3192; x_wconf 91' lang='lat' dir='ltr'>sub</span> <span class='ocrx_word' id='word_1_162' title='bbox 529 3139 627 3194; x_wconf 85' lang='lat' dir='ltr'>ueste</span> <span class='ocrx_word' id='word_1_163' title='bbox 651 3131 837 3206; x_wconf 87' lang='lat' dir='ltr'>accinctos,</span> <span class='ocrx_word' id='word_1_164' title='bbox 860 3131 1063 3193; x_wconf 91' lang='lat' dir='ltr'>Plutarchus</span> <span class='ocrx_word' id='word_1_165' title='bbox 1086 3129 1199 3192; x_wconf 91' lang='lat' dir='ltr'>subito</span> <span class='ocrx_word' id='word_1_166' title='bbox 1226 3138 1337 3192; x_wconf 89' lang='lat' dir='ltr'>totum</span> <span class='ocrx_word' id='word_1_167' title='bbox 1371 3129 1465 3190; x_wconf 92' lang='lat' dir='ltr'>illum</span> 
     </span>
     <span class='ocr_line' id='line_1_24' title="bbox 328 3245 1465 3328; baseline -0.002 -19"><span class='ocrx_word' id='word_1_168' title='bbox 328 3255 616 3322; x_wconf 80' lang='lat' dir='ltr'>contrasenatum,</span> <span class='ocrx_word' id='word_1_169' title='bbox 633 3267 735 3328; x_wconf 91' lang='lat' dir='ltr'>quem</span> <span class='ocrx_word' id='word_1_170' title='bbox 750 3249 853 3310; x_wconf 91' lang='lat' dir='ltr'>modo</span> <span class='ocrx_word' id='word_1_171' title='bbox 868 3256 1131 3320; x_wconf 90' lang='lat' dir='ltr'>memorauerat‚</span> <span class='ocrx_word' id='word_1_172' title='bbox 1146 3246 1272 3308; x_wconf 91' lang='lat' dir='ltr'>oblitus</span> <span class='ocrx_word' id='word_1_173' title='bbox 1285 3266 1361 3308; x_wconf 89' lang='lat' dir='ltr'>esse</span> <span class='ocrx_word' id='word_1_174' title='bbox 1373 3245 1465 3307; x_wconf 90' lang='lat' dir='ltr'>uide-</span> 
     </span>
     <span class='ocr_line' id='line_1_25' title="bbox 328 3351 1465 3449; baseline -0.002 -27"><span class='ocrx_word' id='word_1_175' title='bbox 328 3368 390 3432; x_wconf 90' lang='lat' dir='ltr'>tur,</span> <span class='ocrx_word' id='word_1_176' title='bbox 414 3369 451 3423; x_wconf 90' lang='lat' dir='ltr'>et</span> <span class='ocrx_word' id='word_1_177' title='bbox 472 3369 604 3423; x_wconf 92' lang='lat' dir='ltr'>tantum</span> <span class='ocrx_word' id='word_1_178' title='bbox 626 3371 749 3431; x_wconf 78' lang='lat' dir='ltr'>narrat</span> <span class='ocrx_word' id='word_1_179' title='bbox 773 3361 944 3424; x_wconf 91' lang='lat' dir='ltr'>tribunum</span> <span class='ocrx_word' id='word_1_180' title='bbox 956 3361 1091 3422; x_wconf 89' lang='lat' dir='ltr'>turbam</span> <span class='ocrx_word' id='word_1_181' title='bbox 1115 3351 1246 3449; x_wconf 77' lang='grc' dir='ltr'>(ὄχλον)</span> <span class='ocrx_word' id='word_1_182' title='bbox 1271 3359 1465 3421; x_wconf 85' lang='lat' dir='ltr'>adduxisse.</span> 
     </span>
    </p>

    <p class='ocr_par' dir='ltr' id='par_1_7' title="bbox 329 3469 1470 3671">
     <span class='ocr_line' id='line_1_26' title="bbox 372 3469 1470 3560; baseline -0.002 -24"><span class='ocrx_word' id='word_1_183' title='bbox 372 3472 479 3554; x_wconf 91' lang='lat' dir='ltr'>Apud</span> <span class='ocrx_word' id='word_1_184' title='bbox 501 3473 699 3555; x_wconf 89' lang='lat' dir='ltr'>Appianum</span> <span class='ocrx_word' id='word_1_185' title='bbox 714 3473 807 3537; x_wconf 84' lang='lat' dir='ltr'>solus</span> <span class='ocrx_word' id='word_1_186' title='bbox 822 3471 887 3558; x_wconf 76' lang='lat' dir='ltr'>qui</span> <span class='ocrx_word' id='word_1_187' title='bbox 906 3471 1112 3560; x_wconf 71' lang='lat' dir='ltr'>zitterficz&#39;tur</span> <span class='ocrx_word' id='word_1_188' title='bbox 1124 3472 1230 3559; x_wconf 73' lang='lat' dir='ltr'>filius</span> <span class='ocrx_word' id='word_1_189' title='bbox 1256 3477 1306 3535; x_wconf 80' lang='lat' dir='ltr'>est</span> <span class='ocrx_word' id='word_1_190' title='bbox 1328 3469 1470 3555; x_wconf 75' lang='lat' dir='ltr'>Pompei</span> 
     </span>
     <span class='ocr_line' id='line_1_27' title="bbox 329 3589 1342 3671; baseline -0.001 -20"><span class='ocrx_word' id='word_1_191' title='bbox 329 3589 493 3664; x_wconf 78' lang='lat' dir='ltr'>consuliS,</span> <span class='ocrx_word' id='word_1_192' title='bbox 517 3591 579 3652; x_wconf 87' lang='lat' dir='ltr'>sed</span> <span class='ocrx_word' id='word_1_193' title='bbox 602 3591 739 3653; x_wconf 90' lang='lat' dir='ltr'>demum</span> <span class='ocrx_word' id='word_1_194' title='bbox 762 3600 944 3671; x_wconf 89' lang='lat' dir='ltr'>postquam</span> <span class='ocrx_word' id='word_1_195' title='bbox 966 3589 1106 3652; x_wconf 90' lang='lat' dir='ltr'>liberius</span> <span class='ocrx_word' id='word_1_196' title='bbox 1128 3590 1342 3670; x_wconf 88' lang='lat' dir='ltr'>loquebatur.</span> 
     </span>
    </p>

    <p class='ocr_par' dir='ltr' id='par_1_8' title="bbox 332 3693 1467 4032">
     <span class='ocr_line' id='line_1_28' title="bbox 372 3693 1467 3789; baseline 0 -25"><span class='ocrx_word' id='word_1_197' title='bbox 372 3701 480 3784; x_wconf 89' lang='lat' dir='ltr'>Apud</span> <span class='ocrx_word' id='word_1_198' title='bbox 496 3702 717 3766; x_wconf 88' lang='lat' dir='ltr'>Plutarchum</span> <span class='ocrx_word' id='word_1_199' title='bbox 733 3702 877 3785; x_wconf 82' lang='lat' dir='ltr'>legitur:</span> <span class='ocrx_word' id='word_1_200' title='bbox 904 3693 1082 3789; x_wconf 74' lang='grc' dir='ltr'>,,ἄλλοος</span> <span class='ocrx_word' id='word_1_201' title='bbox 1108 3721 1153 3765; x_wconf 81' lang='grc' dir='ltr'>τε</span> <span class='ocrx_word' id='word_1_202' title='bbox 1183 3694 1374 3772; x_wconf 82' lang='grc' dir='ltr'>πολλοὺς</span> <span class='ocrx_word' id='word_1_203' title='bbox 1399 3694 1467 3764; x_wconf 80' lang='grc' dir='ltr'>καὶ</span> 
     </span>
     <span class='ocr_line' id='line_1_29' title="bbox 332 3813 1466 3913; baseline 0 -29"><span class='ocrx_word' id='word_1_204' title='bbox 332 3816 399 3908; x_wconf 78' lang='lat' dir='ltr'>„rh</span> <span class='ocrx_word' id='word_1_205' title='bbox 426 3813 661 3912; x_wconf 78' lang='grc' dir='ltr'>Πομπηίου</span> <span class='ocrx_word' id='word_1_206' title='bbox 688 3821 746 3886; x_wconf 81' lang='grc' dir='ltr'>τοῦ</span> <span class='ocrx_word' id='word_1_207' title='bbox 774 3813 901 3886; x_wconf 81' lang='grc' dir='ltr'>ὑπάτου</span> <span class='ocrx_word' id='word_1_208' title='bbox 929 3814 1147 3913; x_wconf 83' lang='grc' dir='ltr'>μειράκιον</span> <span class='ocrx_word' id='word_1_209' title='bbox 1176 3815 1229 3885; x_wconf 78' lang='grc' dir='ltr'>ἐπὶ</span> <span class='ocrx_word' id='word_1_210' title='bbox 1255 3821 1316 3910; x_wconf 81' lang='grc' dir='ltr'>τῆς</span> <span class='ocrx_word' id='word_1_211' title='bbox 1343 3815 1466 3912; x_wconf 72' lang='grc' dir='ltr'>ἀγορᾶς</span> 
     </span>
     <span class='ocr_line' id='line_1_30' title="bbox 332 3934 765 4032; baseline -0.002 -26"><span class='ocrx_word' id='word_1_212' title='bbox 332 3936 483 4028; x_wconf 68' lang='lat' dir='ltr'>„duelles</span> <span class='ocrx_word' id='word_1_213' title='bbox 512 3934 765 4032; x_wconf 83' lang='grc' dir='ltr'>(Σοολπίκιος).”</span> 
     </span>
    </p>

    <p class='ocr_par' dir='ltr' id='par_1_9' title="bbox 331 4054 1466 4255">
     <span class='ocr_line' id='line_1_31' title="bbox 372 4054 1466 4139; baseline -0.002 -22"><span class='ocrx_word' id='word_1_214' title='bbox 372 4055 428 4118; x_wconf 91' lang='lat' dir='ltr'>De</span> <span class='ocrx_word' id='word_1_215' title='bbox 451 4055 535 4139; x_wconf 86' lang='lat' dir='ltr'>fuga</span> <span class='ocrx_word' id='word_1_216' title='bbox 558 4057 701 4138; x_wconf 89' lang='lat' dir='ltr'>Pompei</span> <span class='ocrx_word' id='word_1_217' title='bbox 724 4057 830 4138; x_wconf 86' lang='lat' dir='ltr'>patris</span> <span class='ocrx_word' id='word_1_218' title='bbox 860 4058 963 4119; x_wconf 88' lang='lat' dir='ltr'>ambo</span> <span class='ocrx_word' id='word_1_219' title='bbox 985 4057 1073 4119; x_wconf 84' lang='lat' dir='ltr'>inte&#39;r</span> <span class='ocrx_word' id='word_1_220' title='bbox 1095 4077 1132 4118; x_wconf 87' lang='lat' dir='ltr'>se</span> <span class='ocrx_word' id='word_1_221' title='bbox 1156 4055 1378 4127; x_wconf 89' lang='lat' dir='ltr'>conueniunt,</span> <span class='ocrx_word' id='word_1_222' title='bbox 1403 4054 1466 4115; x_wconf 92' lang='lat' dir='ltr'>eis·</span> 
     </span>
     <span class='ocr_line' id='line_1_32' title="bbox 331 4147 856 4255; baseline 0 -21"><span class='ocrx_word' id='word_1_223' title='bbox 331 4174 408 4235; x_wconf 91' lang='lat' dir='ltr'>dem</span> <span class='ocrx_word' id='word_1_224' title='bbox 431 4193 540 4255; x_wconf 91' lang='lat' dir='ltr'>prope</span> <span class='ocrx_word' id='word_1_225' title='bbox 564 4174 679 4236; x_wconf 88' lang='lat' dir='ltr'>uerbis</span> <span class='ocrx_word' id='word_1_226' title='bbox 702 4147 856 4236; x_wconf 88' lang='lat' dir='ltr'>utentes:</span> 
     </span>
    </p>
   </div>
   <div class='ocr_carea' id='block_1_3' title="bbox 377 4536 1250 4616">
    <p class='ocr_par' dir='ltr' id='par_1_10' title="bbox 377 4536 1250 4616">
     <span class='ocr_line' id='line_1_33' title="bbox 377 4536 1250 4616; baseline -0.007 -20"><span class='ocrx_word' id='word_1_227' title='bbox 377 4536 396 4616; x_wconf 75' lang='grc'>1)</span> <span class='ocrx_word' id='word_1_228' title='bbox 417 4538 483 4596; x_wconf 79' lang='lat' dir='ltr'>Cic.</span> <span class='ocrx_word' id='word_1_229' title='bbox 513 4540 599 4596; x_wconf 80' lang='lat' dir='ltr'>Verr.</span> <span class='ocrx_word' id='word_1_230' title='bbox 621 4547 678 4594; x_wconf 90' lang='lat' dir='ltr'>act.</span> <span class='ocrx_word' id='word_1_231' title='bbox 703 4538 739 4594; x_wconf 94' lang='lat' dir='ltr'>II.</span> <span class='ocrx_word' id='word_1_232' title='bbox 762 4536 812 4594; x_wconf 93' lang='lat' dir='ltr'>lib.</span> <span class='ocrx_word' id='word_1_233' title='bbox 835 4537 889 4594; x_wconf 90' lang='lat' dir='ltr'>Ill.</span> <span class='ocrx_word' id='word_1_234' title='bbox 910 4555 976 4611; x_wconf 85' lang='lat' dir='ltr'>cap.</span> <span class='ocrx_word' id='word_1_235' title='bbox 1001 4555 1046 4593; x_wconf 85' lang='lat' dir='ltr'>xc.</span> <span class='ocrx_word' id='word_1_236' title='bbox 1069 4543 1082 4604; x_wconf 68' lang='grc' dir='ltr'><strong>ξ</strong></span> <span class='ocrx_word' id='word_1_237' title='bbox 1106 4555 1163 4610; x_wconf 85' lang='lat'>²09</span> <span class='ocrx_word' id='word_1_238' title='bbox 1186 4556 1250 4612; x_wconf 84' lang='lat' dir='ltr'>sqq.</span> 
     </span>
    </p>
   </div>
   <div class='ocr_carea' id='block_1_4' title="bbox 0 0 1649 5268">
    <p class='ocr_par' dir='ltr' id='par_1_11' title="bbox 0 0 1649 5268">
     <span class='ocr_line' id='line_1_34' title="bbox 0 0 1649 5268; baseline 0 0"><span class='ocrx_word' id='word_1_239' title='bbox 0 0 1649 5268; x_wconf 95' lang='lat' dir='ltr'> </span> 
     </span>
    </p>
   </div>
  </div>
 </body>
</html>
