3286 5272
867 539 909 594 44

320 710 490 792 Sulpicius
514 713 558 772 ab
582 709 785 784 hornznz'bm,
809 708 873 793 qni
893 731 929 772 uz
946 729 1022 770 enm
1039 705 1250 780 incidissent,
1268 707 1455 788 deprehen·

320 827 411 889 ditur
437 835 472 889 et
496 827 674 899 occiditur,
706 846 759 908 ap.
783 827 881 888 Ptur.
905 826 949 887 l.l.
989 823 1089 888 Sulla
1111 823 1292 904 pecuniam
1314 822 1456 904 praemii

320 945 398 1006 loco
422 943 453 1005 ei
476 943 671 1024 pollicetur,
695 943 752 1023 qui
775 942 921 1005 Marium
944 950 1100 1015 necaret,
1124 940 1220 1003 cuius
1242 939 1292 1001 rei
1304 959 1356 1020 ap.
1373 938 1455 1000 Aee.

321 1060 365 1122 l.l.
388 1079 455 1121 non
478 1059 606 1122 mentio
628 1057 676 1122 fit.

364 1173 462 1257 Quae
486 1175 585 1237 Prur.
610 1176 654 1237 l.l.
690 1175 733 1237 de
758 1173 865 1237 Cinna
887 1175 994 1236 habet
1018 1172 1100 1235 Aee.
1124 1173 1168 1234 l.l.
1200 1171 1336 1234 silentio
1359 1190 1456 1252 prae·

319 1292 399 1353 terit
420 1287 454 1376 ¹).

361 1407 402 1468 ln
417 1407 589 1470 tradendis
601 1405 701 1468 Marii
717 1405 887 1468 erroribus
902 1415 1006 1486 atque
1020 1405 1055 1466 in
1067 1403 1307 1476 seditionibus,
1319 1401 1455 1464 Romae

320 1544 341 1585 a
364 1523 473 1586 Cinna
495 1523 688 1597 concitatiS,
711 1523 943 1586 describendis
967 1531 1019 1584 est
1041 1521 1101 1583 ubi
1123 1521 1211 1584 inter
1233 1540 1271 1581 se
1286 1527 1456 1600 pugnent,

320 1649 372 1703 est
394 1639 452 1701 ubi
474 1659 530 1700 res
552 1639 706 1703 similiter
729 1648 876 1701 narrent.
900 1637 1007 1720 Apud
1029 1637 1112 1699 APP.
1130 1638 1171 1699 B.
1188 1635 1223 1699 C.
1234 1636 1260 1698 I.
1275 1640 1312 1698 61
1329 1633 1457 1696 Marius

320 1775 422 1828 mox,
445 1764 628 1836 postquam
650 1754 767 1817 Roma
790 1753 942 1837 aufugit,
967 1752 1124 1835 peruenit
1146 1751 1352 1824 Minturnas,
1365 1748 1456 1830 apud

321 1870 420 1933 Phor.
443 1869 536 1933 Mar,
558 1891 686 1948 35—37
713 1872 858 1952 primum
881 1869 1058 1932 descendit
1081 1870 1126 1931 ad
1150 1866 1296 1938 Ostiam,
1313 1865 1391 1928 dein
1414 1866 1459 1927 ad

319 1987 400 2049 litus
422 2006 531 2068 prope
552 1987 703 2050 Circeios
726 1987 884 2068 adpellit,
908 1996 980 2049 tum
996 1987 1148 2056 demum,
1164 1983 1267 2045 uariis
1282 1980 1459 2045 confectus

321 2102 585 2177 calamitatibus
609 2104 690 2166 uiris
713 2102 1003 2166 Minturnensibus
1026 2101 1178 2163 traditur.

365 2215 448 2279 Aer.
473 2217 517 2278 ll.
553 2216 654 2290 dicit,
678 2216 825 2278 Marium
847 2215 951 2278 fuisse
986 2209 1115 2305 ἔρημον
1150 2207 1318 2302 ὑπηρέτου
1345 2229 1380 2274 τε
1406 2203 1461 2273 καὶ

322 2326 537 2426 θεράποντος.
568 2335 667 2396 Pius.
699 2333 792 2396 Mar.
818 2353 857 2411 35
884 2342 1002 2395 contra
1035 2334 1157 2395 habet:
1184 2322 1346 2422 »Γράνιον
1369 2325 1458 2420 ἔχων

321 2447 398 2542 μεθ’
425 2449 526 2518 αὑτοῦ
554 2448 610 2516 τον
638 2447 800 2543 πρόγονον
829 2445 1022 2524 ἐξέπλευσεν
1044 2441 1097 2530 ²).''

366 2566 453 2632 Sunt
461 2577 496 2630 et
504 2567 753 2648 aliainquibus
761 2563 1459 2647 discrepantiaquaedamariimaduertitur.

365 2684 569 2747 Plutarchus
602 2702 739 2764 quoque
774 2681 879 2744 fusior
913 2690 966 2744 est
996 2691 1032 2745 et
1062 2681 1255 2744 adcuratior
1281 2680 1459 2763 Appiam,

321 2802 414 2882 quod
445 2809 561 2861 tamen
594 2818 662 2860 non
697 2798 901 2872 mirandum,
931 2816 1010 2859 cum
1032 2797 1092 2859 ille
1126 2797 1233 2859 uitam
1260 2797 1358 2859 unius
1384 2798 1460 2858 des-

321 2916 430 2980 cribat
452 2915 528 2989 uiri,
553 2915 608 2976 hic
632 2922 750 2975 contra
773 2914 867 2975 bella
890 2913 1017 2987 ciuilia,
1040 2913 1075 2975 in
1093 2913 1217 2994 quibus
1232 2912 1461 2975 memorandis

321 3033 432 3114 magis
454 3040 589 3112 spectat
617 3050 673 3091 res
695 3029 874 3091 Romanas
896 3028 1088 3103 uniuersas,
1120 3048 1222 3110 quam
1245 3040 1372 3091 sortem
1395 3029 1460 3090 sin·

321 3151 481 3232 gulorum
503 3148 686 3210 hominurn.
710 3143 769 3209 Sic
791 3166 879 3227 quae
902 3144 985 3208 Aee.
1005 3145 1030 3207 Ι.
1056 3166 1097 3225 59
1120 3146 1227 3208 habet
1250 3146 1294 3208 de
1311 3143 1461 3208 Sullanis

321 3266 467 3328 decretis
489 3285 512 3326 a
533 3263 719 3326 Plutarcho
743 3261 952 3324 omittuntur.

366 3381 520 3442 Tandem
544 3378 696 3441 adferam
718 3378 830 3452 locos,
846 3377 880 3438 in
896 3376 1019 3456 quibus
1038 3376 1161 3438 similia
1176 3377 1322 3438 tradunt.
1346 3374 1460 3456 Expo-

323 3506 448 3559 nuntur
461 3506 577 3559 tamen
600 3493 737 3573 saepius
761 3494 904 3556 eaedem
927 3512 981 3554 res
1009 3499 1068 3553 aut
1089 3492 1225 3554 inuerso
1250 3491 1385 3565 ordine,
1402 3499 1461 3553 aut

321 3613 357 3676 in
379 3613 522 3695 singulis
545 3612 711 3674 diuersae.

367 3729 473 3810 Apud
496 3739 675 3809 utrumque
687 3725 816 3795 Marius
831 3734 885 3786 est
900 3725 935 3786 in
954 3725 1056 3786 domo
1073 3724 1221 3804 quadam
1236 3723 1461 3795 tenebricosa,

322 3866 398 3909 cum
433 3846 478 3907 ad
512 3865 591 3907 eum
625 3843 796 3905 homicida
834 3841 967 3920 adrepit
1007 3839 1116 3921 (Ptin.
1151 3840 1244 3902 Mar.
1280 3861 1339 3918 39;
1377 3836 1459 3900 Are.

322 3962 363 4024 B.
391 3961 425 4024 C.
449 3961 474 4022 Ι.
499 3960 561 4040 οι).
971 3961 976 3978 ·

367 4239 389 4318 1)
411 4240 487 4297 Aee.
520 4239 534 4295 Ι
566 4241 605 4309 64
626 4237 749 4295 demum
771 4234 858 4307 dicit,
882 4233 1011 4293 Cinnam
1032 4233 1129 4292 Sullae
1150 4231 1461 4292 fuisse-successorem

324 4339 449 4423 (Κίννᾳ
475 4346 518 4420 τῷ
543 4340 622 4419 μετὰ
646 4336 782 4402 Σύλλαν
807 4331 1036 4418 iwannum).

365 4445 390 4524 ²)
411 4443 541 4504 Granius
561 4442 608 4501 ille
633 4443 796 4501 secundum
808 4439 982 4517 Appianum
992 4440 1032 4498 l.l.
1044 4438 1105 4498 iam
1115 4449 1204 4499 antea
1214 4457 1283 4497 cum
1294 4437 1373 4509 aliis,
1384 4436 1462 4496 inter

325 4564 399 4622 quos
421 4542 534 4603 Marius
556 4540 631 4600 filius
655 4551 738 4615 erat,
760 4542 860 4600 Roma
880 4540 1044 4617 aufugerat.
