3284 5272
884 503 925 562 82

493 701 686 769 peratorem
721 690 951 771 reliquissent,
986 691 1231 771 responderent
1259 701 1466 773 pugnantem

492 804 525 865 in
547 804 717 867 Boeotia'’

492 919 603 982 Multo
635 929 750 982 autem
782 920 978 984 adcuratius
1007 919 1189 984 Frontinus
1217 920 1364 984 Iordano
1393 943 1467 985 auc-

491 1044 566 1098 tore
597 1057 675 1098 cum
698 1036 861 1118 Appiano
885 1036 1043 1119 congruit
1066 1056 1168 1117 quam
1190 1036 1393 1101 Plutarchus
1415 1039 1468 1119 qui

490 1172 519 1214 c.
538 1172 574 1212 21
595 1152 717 1213 habet:
742 1144 816 1237 ἐμοὶ
831 1143 890 1237 μέν
910 1141 1058 1214 ἐνταῦθά
1074 1169 1139 1213 που
1153 1143 1252 1213 καλδν
1272 1144 1300 1210 ‹i›
1319 1142 1467 1239 Ρωμαῖοι

487 1264 661 1348 τελευτᾶν,
697 1265 788 1358 ὑμεῖς
815 1263 852 1334 δέ
877 1271 943 1342 τοῖς
975 1261 1236 1357 πυνθανομένοις
1262 1270 1326 1334 ποῦ
1357 1266 1469 1362 προδε-

486 1382 613 1454 δώκατε
646 1385 702 1454 τδν
739 1382 967 1481 αὐτοκράτορα
1002 1385 1208 1480 μεμνημένοι
1244 1383 1398 1482 φράζειν,
1426 1386 1470 1462 ὡς

487 1506 521 1575 ἐν
549 1502 777 1602 Ὀρχομενῖρ.”

435 1625 467 1705 b)
491 1623 614 1687 Fnour.
638 1625 680 1687 ΙΙ.
707 1647 735 1702 3.
764 1645 800 1704 17
822 1620 842 1704 ¹)
864 1643 1021 1698 narrans,
1045 1644 1066 1687 a
1087 1624 1254 1686 militibus
1269 1622 1419 1688 Sullanis
1436 1625 1471 1686 in

488 1749 633 1821 utroque
668 1739 755 1802 aciei
789 1741 897 1802 latere
932 1738 1041 1802 fossas
1075 1759 1151 1802 esse
1181 1739 1302 1802 ductas
1336 1741 1470 1822 amplae

487 1853 683 1916 latitudinis.
707 1852 790 1915 Aee.
815 1875 867 1932 49.
900 1844 1059 1944 „dippeus
1084 1845 1232 1945 τάφρους
1268 1846 1363 1944 εὖρος
1394 1847 1469 1917 δέκα

485 1962 620 2044 πόδας.”

378 2084 531 2149 Subinde
566 2086 744 2149 omittendi
775 2096 853 2149 sunt
886 2087 959 2149 Lrv.
993 2107 1064 2168 pen
1095 2087 1291 2161 LXXXII,
1334 2088 1392 2169 qui
1428 2108 1471 2149 ne

332 2202 445 2265 locum
476 2202 630 2284 quidem,
672 2202 731 2264 ubi
765 2211 957 2284 pugnatum
991 2203 1051 2276 sit,
1085 2203 1213 2265 indicat
1251 2211 1286 2264 et
1321 2201 1470 2266 Ganums

331 2318 537 2393 chrurnuus,
561 2320 604 2380 de
628 2338 696 2399 quo
713 2316 876 2382 Iordanus
898 2319 972 2401 ipse
997 2319 1100 2382 dicit:
1127 2319 1257 2394 „adhuc
1284 2319 1468 2392 nescimus,

332 2454 351 2496 e
375 2435 498 2515 quibus
523 2433 670 2497 Granius
692 2435 846 2496 hauserit
868 2432 1018 2497 fontibus
1036 2435 1084 2516 ²).'’

378 2549 582 2632 Supersunt:
619 2572 644 2613 1.
668 2550 855 2613 EurRomus
879 2559 914 2612 et
938 2549 1097 2626 OnosruS,
1133 2570 1210 2612 curn
1234 2551 1356 2631 quibus
1378 2549 1470 2631 App.

332 2666 375 2728 de
401 2687 541 2730 numero
566 2667 727 2729 conuenit
750 2686 929 2730 caesorum
951 2686 993 2729 ac
1019 2668 1063 2728 de
1090 2667 1294 2748 quibusdam
1317 2666 1401 2728 aliis.

379 2802 406 2844 2.
429 2780 617 2844 Fnourmus
629 2782 688 2863 qui
700 2783 821 2845 habet:
842 2791 1072 2864 „pugnantem
1083 2782 1118 2843 in
1130 2782 1290 2844 Boeotia''
1307 2782 1470 2863 Appiano

330 2895 504 2957 tradente:
531 2890 589 2982 „dv
617 2886 814 2986 Ὀρχομενῖρ
842 2888 1066 2985 μαχόμενον.”
1093 2896 1190 2958 Idem
1213 2894 1394 2958 Frontinus
1411 2894 1470 2975 qui

331 3015 428 3077 dicit:
464 3013 591 3090 „fossas
621 3036 697 3079 esse
721 3017 841 3079 ductas
869 3016 1004 3098 amplae
1026 3015 1231 3079 latitudinis''
1254 3008 1364 3107 (οὖρος
1392 3009 1469 3078 δέκα

332 3128 436 3207 πόδας
460 3136 571 3218 App).

378 3257 475 3339 Quae
510 3279 593 3322 uero
628 3269 746 3323 contra
780 3260 916 3322 Iordani
950 3258 1153 3323 sententiam
1180 3257 1365 3321 adferenda
1388 3257 1470 3319 mihi

331 3373 489 3438 uidentur
511 3376 599 3438 haec
622 3385 717 3439 sunt:

382 3512 407 3552 1.
436 3491 491 3554 De
514 3512 655 3555 numero
679 3492 840 3566 militum,
864 3511 950 3573 quos
972 3490 1198 3554 Mithradates
1220 3498 1299 3570 post
1322 3488 1469 3552 Chaero-

331 3625 472 3668 nensem
494 3626 647 3690 pugnam
669 3607 704 3669 in
720 3606 902 3671 Graeciam
924 3607 1043 3682 mittit,
1062 3606 1266 3668 Plutarchus
1289 3617 1325 3668 et
1339 3604 1469 3686 Appia-

331 3741 394 3784 nus
418 3723 639 3787 consentiunt.
762 3741 764 3744 ·

376 3834 501 3899 Adfert
524 3837 614 3899 enim
637 3846 779 3918 uterque
804 3830 889 3900 ὀκτὼ
917 3827 1077 3927 μυριάδας
1101 3835 1192 3918 (App.
1211 3857 1261 3913 49.
1290 3834 1387 3896 Pnur.
1408 3834 1468 3914 20).

330 3947 513 4031 Eutropius
536 3958 572 4013 et
595 3949 736 4014 Orosius
759 3960 878 4014 contra
901 3951 1031 4013 habent
1054 3948 1160 4011 LXX
1176 3948 1277 4010 milia.
1302 3946 1469 4010 Dissentit

331 4065 436 4146 igitur
458 4065 638 4147 Appianus
661 4067 726 4129 hac
749 4068 783 4130 in
806 4087 843 4130 re
867 4087 888 4128 a
910 4066 1017 4128 Liuio.

369 4259 376 4262 -
383 4257 543 4264 —--———--

380 4411 399 4490 ¹)
421 4413 477 4471 Ed.
500 4413 639 4473 Oudend.
666 4435 695 4490 p.
720 4433 786 4491 219.
974 4477 975 4482 χ

374 4509 399 4590 ²)
421 4512 565 4585 Iounnu„
588 4531 616 4587 p.
640 4532 687 4588 43.
711 4548 749 4554 —
771 4513 815 4572 Cf.
838 4515 980 4571 Krnwmr
1002 4529 1042 4570 un
1062 4514 1180 4586 Jouou,
1203 4532 1231 4587 p.
1258 4529 1323 4569 100.
