3284 5272
854 499 897 556 oo

305 693 483 766 geruntur,
506 686 650 748 LXXX
674 688 802 750 milium
827 688 1015 750 exercitum
1039 687 1266 751 Mithradates
1289 688 1440 772 conligit,

304 821 406 882 quem
439 802 614 886 Dorylaus
648 804 683 865 in
707 802 888 867 Graeciam
911 804 1005 867 ducit
1027 805 1073 866 ad
1095 803 1324 878 Archelaum,
1347 805 1403 867 cui
1422 825 1441 866 e

304 917 474 997 prioribus
496 919 604 1000 copiis
627 920 665 981 X
688 920 801 983 adhuc
825 921 919 982 milia
942 919 1074 1003 reliqua
1097 929 1202 984 erant.
1226 921 1305 983 Una
1327 929 1441 983 tamen

305 1051 382 1094 cum
406 1032 580 1096 Archelao
603 1037 695 1116 apud
716 1034 971 1099 Orchomenum
987 1036 1160 1118 Dorylaus
1183 1057 1204 1099 a
1227 1035 1325 1100 Sulla
1347 1035 1442 1118 fuga·

305 1159 360 1212 tur
380 1150 543 1232 <rs-so).

348 1263 445 1329 Sulla
483 1266 663 1330 Boeotiam
696 1278 839 1350 propter
872 1269 1010 1331 crebras
1049 1267 1259 1330 defectiones
1297 1267 1442 1350 diripuit

303 1382 550 1464 Transgressus
562 1383 597 1445 in
607 1385 823 1448 Thessaliam
835 1385 1007 1458 hiemauit,
1020 1384 1199 1447 Lucullum
1212 1403 1290 1447 cum
1301 1384 1443 1446 nauibus

304 1508 517 1578 exspectans.
540 1500 680 1563 Interim
703 1501 738 1562 in
761 1502 848 1562 urbe
876 1502 920 1562 ab
944 1500 1107 1572 inimiciS,
1132 1499 1240 1564 Cinna
1256 1509 1292 1562 et
1314 1499 1442 1572 Mario,

303 1615 411 1677 hostis
434 1615 644 1697 reipublicae
667 1617 836 1680 iudicatus
859 1626 941 1681 erat
965 1617 1003 1680 L.
1027 1616 1206 1679 Valerium
1229 1615 1392 1680 Flaccum
1410 1615 1444 1678 in

306 1731 420 1792 locum
454 1730 571 1806 Marii,
605 1733 666 1815 qui
699 1733 795 1796 initio
830 1733 1027 1796 consulatus
1061 1731 1130 1794 VH
1164 1741 1319 1796 mortuus
1354 1740 1444 1804 erat,

304 1846 480 1909 consulem
502 1846 632 1910 factum
654 1847 762 1912 Cinna
784 1849 819 1910 in
842 1847 965 1910 Asiam
986 1846 1099 1922 misit,
1122 1857 1160 1910 ut
1182 1868 1246 1929 pro
1258 1845 1356 1912 Sulla
1367 1866 1444 1928 pro-

304 1961 436 2025 uinciae
464 1974 640 2044 praeesset
663 1984 704 2026 ac
726 1965 858 2028 bellurn
881 1973 1000 2027 contra
1023 1963 1270 2028 Mithradatem
1298 1971 1444 2046 gereret.

304 2077 391 2140 Eum
414 2079 510 2159 praui
534 2079 663 2162 ingenii
684 2080 811 2155 uirum,
834 2100 990 2152 auarum,
1014 2080 1049 2142 in
1070 2080 1243 2162 puniendo
1266 2080 1442 2142 crudelem

304 2216 345 2258 ac
367 2197 417 2258 rei
439 2197 594 2259 militaris
615 2198 798 2278 inperitum
812 2197 993 2261 comitatus
1010 2206 1063 2260 est
1078 2217 1164 2259 unus
1179 2218 1200 2259 e
1216 2195 1444 2270 senatoribus,

304 2311 469 2387 Fimbria,
491 2313 545 2375 uir
568 2314 659 2394 apud
681 2313 807 2376 milites
830 2314 923 2376 haud
935 2314 1086 2396 exiguae
1097 2312 1318 2376 auctoritatis.
1340 2311 1444 2376 Forte

303 2428 391 2491 inter
413 2428 598 2492 Fimbriam
626 2439 661 2492 et
684 2439 903 2511 quaestorem
926 2430 987 2492 lite
1007 2439 1130 2492 exorta
1151 2429 1298 2492 Flaccus
1313 2429 1444 2492 arbiter

303 2544 432 2606 nullam
465 2545 584 2608 habuit
614 2545 781 2609 rationem
808 2546 946 2608 honoris
979 2544 1168 2618 Fimbriae,
1203 2544 1262 2627 qui
1295 2546 1363 2607 hoc
1397 2545 1446 2606 in-

304 2661 409 2743 digne
431 2661 543 2724 ferens
566 2663 712 2725 minatus
735 2672 809 2734 est,
835 2682 873 2725 se
895 2662 930 2724 in
953 2663 1073 2724 urbem
1101 2675 1325 2724 reuersurum
1361 2659 1445 2724 Suc·

304 2797 420 2840 cessor
451 2777 577 2840 eitum
600 2799 622 2840 a
644 2778 771 2842 Flacco
795 2780 894 2841 datus
917 2788 978 2841 est.
1002 2777 1070 2840 Per
1097 2776 1287 2840 absentiam
1309 2777 1444 2852 Flacci,

304 2892 559 2956 Chalcedonem
573 2894 732 2975 profecti,
749 2895 908 2968 Thermo,
924 2913 987 2975 pro
1002 2904 1163 2974 praetore
1178 2894 1223 2956 ab
1239 2893 1299 2956 illo
1315 2893 1445 2965 relict0,

303 3009 414 3072 fasces
430 3010 571 3073 abstulit
583 3009 743 3072 Fimbria.
767 3010 903 3073 Deinde
919 3010 1030 3091 ipsum
1045 3008 1209 3072 Flaccum
1224 3009 1347 3072 iratum
1362 3029 1447 3072 mox

304 3140 477 3188 reuersum
511 3125 632 3208 fugere
664 3126 790 3208 coegit.
827 3125 938 3207 Quem
967 3145 1050 3188 uero
1073 3126 1171 3188 breui
1192 3135 1272 3206 post
1294 3125 1447 3187 Fimbria

304 3243 437 3316 occidit,
462 3242 684 3306 Nicomediae
708 3252 813 3323 puteo
836 3251 1056 3323 protractum.
1081 3241 1193 3323 Caput
1208 3241 1396 3304 abscissum
1411 3241 1446 3302 in

305 3378 399 3421 mare
421 3359 583 3439 proiecit,
607 3359 776 3439 reliquum
788 3367 903 3420 autern
915 3368 1071 3420 truncum
1082 3357 1219 3439 reliquit
1229 3357 1445 3438 insepultum.

349 3474 490 3556 Iamque
516 3475 580 3537 sibi
603 3475 857 3555 imperatoriam
880 3493 1046 3555 usurpans
1069 3474 1273 3556 dignitatem
1295 3473 1447 3536 Fimbria

304 3610 373 3652 non
406 3591 605 3671 inprospere
641 3610 719 3652 cum
753 3589 970 3652 Mithradatis
1004 3587 1074 3651 filio
1108 3589 1283 3670 pugnauit.
1329 3589 1446 3670 Ipsum

304 3706 400 3768 breui
431 3714 510 3786 post
538 3705 782 3768 Mithradatem
804 3706 893 3768 intra
916 3705 1124 3788 Pergamum
1146 3705 1320 3786 compulit.
1343 3705 1446 3768 Unde

303 3821 338 3885 in
361 3822 518 3884 Pitanem
541 3821 724 3904 profugum
747 3822 935 3895 insecutus,
959 3820 1051 3884 fossa
1075 3829 1216 3884 conatus
1239 3830 1293 3884 est
1304 3821 1445 3884 circum·

305 3940 403 4012 dare,
426 3939 536 4000 donec
561 3958 625 4000 rex
640 3938 784 4000 navibus
800 3938 994 4001 conscensis
1009 3937 1212 4019 Mitylenem
1226 3935 1324 4019 fugit.
1346 3937 1446 3999 ilium

304 4065 376 4117 tum
400 4075 421 4116 a
443 4053 595 4116 Fimbria
618 4064 845 4135 oppugnatur.
876 4053 970 4116 Petit
991 4054 1072 4116 urbs
1095 4074 1118 4115 a
1139 4050 1237 4116 Sulla
1264 4053 1446 4126 auxilium,

304 4170 362 4252 qui
386 4190 423 4232 se
445 4179 625 4232 uenturum
647 4169 823 4251 promittit.
853 4168 1025 4231 Fimbriae
1048 4169 1128 4231 dein
1151 4167 1307 4249 aperiunt
1329 4179 1445 4248 portas

304 4285 447 4349 ilienses
469 4286 614 4367 primum
637 4286 846 4347 haesitantes
869 4285 1023 4365 quidem,
1050 4301 1168 4348 uerum
1183 4292 1365 4366 postquam
1382 4303 1446 4365 per

306 4401 417 4463 iocum
433 4395 604 4464 mentione
627 4399 720 4464 facta
743 4401 973 4483 cognationiS,
996 4420 1085 4482 quae
1108 4400 1264 4463 illiscum
1276 4397 1446 4461 Romanis

306 4517 549 4591 intercederet,
584 4518 739 4580 addictos
762 4517 829 4579 iam
852 4517 1022 4580 amicitiae
1045 4516 1282 4579 Romanorum
1309 4515 1444 4578 conlau-

1616 167 1621 298 l

1617 355 1621 488 l

1617 549 1621 666 Ι
