3284 5272
910 569 968 610 102

368 744 541 826 superauit
574 742 825 825 quinquaginta
855 741 998 818 hostiles
1031 741 1208 822 caesisque
1232 740 1423 803 octodecim
1445 741 1501 802 mi-

369 860 458 922 libus
481 867 593 921 castra
616 858 720 921 etiam
744 857 844 939 cepit.

412 975 596 1038 Praeterea
629 974 737 1036 multa
772 983 808 1037 et
842 975 937 1036 uaria
970 973 1135 1036 miracula
1168 973 1374 1035 Plutarchus
1412 973 1501 1036 hisce

368 1090 467 1154 factis
489 1090 659 1154 historicis
682 1090 824 1153 innectit
846 1089 918 1173 (27).

413 1206 510 1272 Sulla
545 1206 735 1270 exercitum
771 1205 942 1288 Scipionis
953 1203 974 1288 ¹)
1006 1207 1154 1270 consulis
1186 1207 1336 1288 corrupit
1369 1205 1502 1288 suisque

369 1323 476 1405 copiis
511 1323 694 1386 coniunxit.
741 1321 858 1405 Scipio
893 1323 985 1386 solus
1019 1323 1054 1384 in
1088 1322 1236 1385 tentorio
1275 1323 1509 1403 deprehensus⁴

368 1439 593 1520 dimissusque
628 1447 688 1501 est.
748 1437 880 1520 Quibus
913 1437 1013 1502 factis
1050 1438 1180 1501 Marius
1210 1439 1302 1520 apud
1332 1436 1504 1520 Signium,

363 1556 545 1638 octoginta
567 1555 717 1637 quinque
742 1555 940 1618 cohortibus
956 1555 1114 1636 stipatuS,
1131 1552 1264 1618 Sullam
1280 1556 1325 1616 ad
1339 1554 1504 1636 proelium

368 1672 576 1753 prouocauit.
622 1671 770 1752 Propter
793 1671 930 1733 diuersa
952 1671 1168 1734 incommoda
1192 1671 1407 1734 centuriones
1429 1669 1504 1734 Sul·

361 1788 452 1861 lam,
476 1797 513 1849 ut
535 1807 687 1870 pugnam
711 1785 877 1861 differret,
901 1787 1055 1850 orabant.
1079 1784 1178 1850 Sulla
1200 1787 1325 1849 inuitus
1340 1787 1506 1849 concessit

369 1915 484 1966 tamen
508 1923 548 1965 ac
572 1903 686 1966 locare
710 1912 822 1965 castra
844 1903 950 1965 iussit.
974 1900 1046 1966 Sed
1067 1902 1197 1966 Marius
1212 1903 1340 1984 primus
1359 1901 1506 1965 omniurn

370 2017 473 2082 citato
510 2039 599 2099 equo
634 2018 815 2082 aduehitur
849 2017 1010 2082 Sullanos
1045 2021 1142 2101 quasi
1173 2019 1404 2100 dissipaturus
1460 2017 1506 2079 Hi

369 2146 456 2211 turn,
480 2136 530 2198 ira
549 2137 717 2217 conrepti‚
742 2136 867 2218 gladiis
886 2136 1010 2199 strictis
1039 2146 1074 2198 et
1095 2137 1247 2199 'clamore
1270 2137 1408 2199 sublato
1432 2155 1504 2199 cum

370 2252 524 2315 hostibus
559 2271 696 2314 manum
726 2260 978 2315 conseruerunt.
1025 2251 1171 2314 Mariani
1200 2253 1367 2333 impetum
1390 2271 1505 2314 eorum

370 2388 438 2431 non
472 2369 675 2442 sustinuere,
711 2370 772 2432 sed
807 2367 914 2431 effuse
941 2367 1115 2451 fugientes
1147 2369 1245 2431 clade
1274 2378 1351 2432 sunt
1375 2366 1505 2431 adfecti.

370 2482 499 2547 Marius
533 2482 618 2567 fuga
650 2485 808 2566 peruenit
842 2484 1037 2548 Praeneste.
1084 2483 1203 2549 Sullae
1227 2505 1363 2567 quoque
1386 2485 1504 2569 legati,

371 2600 571 2682 Pompeius,
605 2600 760 2675 CrassuS‚
788 2601 964 2676 Metellus,
989 2599 1169 2676 Seruilius,
1193 2621 1338 2684 magnas
1360 2602 1506 2664 hostiurn

370 2716 487 2798 copias
509 2715 741 2798 profligarunt.
788 2716 900 2781 Carbo
923 2717 959 2779 in
981 2716 1136 2780 Africam
1158 2716 1311 2799 profugit
1334 2716 1407 2800 (28).

376 2929 582 2937 ——-—-

417 3083 437 3166 ¹)
459 3083 526 3143 Fuit
546 3086 579 3142 L.
599 3083 754 3144 Cornelius
768 3083 866 3161 Scipio
881 3084 1063 3163 Asiagenus,
1086 3105 1236 3164 pronepos
1257 3085 1333 3146 illius
1344 3085 1505 3164 Scipionis,

370 3182 420 3261 qui
452 3183 534 3260 apud
566 3180 752 3260 Magnesiam
785 3183 969 3243 Antiochum
990 3185 1036 3243 III
1056 3185 1217 3245 debellauit
1237 3195 1328 3264 atque
1348 3185 1419 3246 inde
1440 3205 1507 3264 cog·

369 3302 479 3343 nomen
500 3280 594 3341 duxit.
637 3283 706 3341 Non
727 3301 801 3342 uero
822 3292 961 3357 constat,
983 3282 1213 3344 scribendumne
1225 3284 1261 3344 sit
1271 3286 1331 3345 hoc
1341 3305 1507 3364 cognomen

370 3383 539 3455 Asiagenus
553 3399 592 3440 an
606 3382 768 3440 Asiaticus.
784 3383 820 3440 Iu
833 3380 929 3441 Fastis
945 3381 1083 3441 scribitur
1098 3384 1266 3455 Asiaticus,
1279 3385 1316 3443 cf.
1329 3386 1507 3459 MOMMSEN,

376 3482 458 3542 C.I.
486 3482 539 3555 L,
562 3482 585 3538 I.
615 3500 645 3556 p.
674 3499 747 3556 4393
779 3482 837 3557 538
859 3499 902 3557 sq.
945 3482 980 3538 In
1004 3481 1173 3556 Scipionum
1204 3485 1322 3556 Elogiis
1343 3482 1506 3563 (Montis,

375 3583 408 3642 C.
430 3582 457 3638 I.
478 3581 533 3652 L,
556 3581 579 3638 I.
602 3599 632 3655 p.
657 3599 691 3638 12
715 3577 772 3659 sq.)
790 3597 850 3638 cos.
883 3599 939 3655 190
965 3589 1091 3639 uocatur
1112 3581 1293 3661 Asiagenus,
1316 3601 1376 3642 eos.
1399 3584 1438 3659 83
1459 3581 1507 3662 (de

317 3750 325 3768 ·
370 3699 431 3757 quo
461 3678 510 3738 hic
541 3677 650 3760 agitur)
683 3677 852 3752 Asiaticus,
886 3677 962 3738 filins
993 3678 1079 3739 huius
1110 3679 1159 3760 (cs.
1186 3701 1216 3758 p.
1238 3680 1311 3762 108)
1331 3680 1505 3760 Asiagenus.

372 3776 509 3852 Damni,
531 3775 594 3837 cusi
615 3777 654 3836 ab
675 3795 753 3836 anno
773 3797 809 3854 91
834 3777 873 3835 ad
896 3779 950 3851 84,
966 3778 1078 3837 habent
1099 3782 1134 3838 L.
1150 3779 1235 3839 SCIP
1246 3781 1507 3855 ASIAG‚n0men

298 3951 300 3955 ,
371 3875 561 3938 officinatoris
591 3885 746 3945 monetae,
770 3876 807 3934 cf.
831 3877 963 3936 Mortuis.
994 3876 1097 3936 Gesclr.
1119 3880 1168 3936 des
1189 3891 1263 3938 rom.
1284 3881 1506 3953 Mtnzwesens,

371 3978 448 4038 Berl.
476 3975 604 4036 Weidm.
636 3977 730 4048 1860,
752 3995 781 4052 p.
807 3993 874 4054 575.
919 3974 1062 4050 Quaestio
1084 3976 1196 4050 oritur,
1219 3989 1320 4038 utrum
1341 3978 1441 4056 Scipio
1462 3978 1506 4038 ille

371 4075 459 4135 suerit
479 4094 540 4135 cos.
563 4077 621 4151 83,
643 4094 680 4133 an
702 4073 778 4133 filius
800 4075 869 4134 eius.
893 4076 1024 4134 Mouns.
1046 4076 1086 4134 tl.
1108 4077 1177 4136 adn.
1200 4094 1259 4154 335
1282 4079 1362 4137 hunc
1376 4077 1507 4138 uindicat

327 4239 331 4249 ,
371 4185 476 4235 contra
498 4175 678 4247 Cnvsnonr,
703 4173 814 4246 Saggio
835 4175 868 4232 di
888 4175 1090 4232 assentationi
1108 4177 1183 4235 salle
1203 4179 1348 4252 medaglie
1368 4179 1402 4236 di
1415 4179 1506 4250 fami-

367 4276 430 4348 glie
450 4276 585 4333 Romane
595 4319 602 4348 ‚
625 4273 758 4358 Modena
782 4273 879 4349 1829,
901 4293 931 4348 p.
942 4292 1000 4348 42,
1024 4273 1074 4350 qui
1096 4273 1199 4349 credit,
1216 4276 1429 4336 officinatorem
1440 4296 1506 4336 eum

372 4373 540 4451 Scipionem
571 4381 688 4450 patrem
719 4371 807 4432 fuisse
828 4372 877 4452 (cs.
901 4377 1032 4437 Montius.
1067 4379 1101 4438 C.
1129 4379 1156 4436 J.
1187 4379 1243 4445 L..
1268 4369 1292 4435 1'.
1314 4396 1343 4453 p.
1369 4375 1447 4457 135).
1471 4411 1506 4420 —

371 4472 547 4550 Cognomen
567 4469 688 4530 uictoris
709 4471 748 4530 ad
769 4471 955 4549 Magnesiam
976 4484 1021 4534 est
1042 4474 1209 4553 Asiagenus
1229 4475 1312 4552 apud
1326 4476 1505 4548 Mounsm,

372 4573 411 4630 R.
428 4571 477 4645 G,
488 4573 511 4629 I.
526 4591 556 4648 p.
574 4588 631 4650 750
646 4577 704 4630 noi.
715 4568 774 4652 (ed.
786 4570 857 4652 VII)
867 4582 897 4630 et
907 4573 989 4651 apud
1001 4575 1181 4648 Moutussn,
1196 4575 1327 4648 Forsch,
1342 4576 1381 4632 H.
1396 4593 1426 4651 p.
1438 4594 1506 4652 419.
