3286 5272
759 552 774 607 7

195 742 216 782 a
252 721 432 784 Coriolano
466 724 597 804 patriae
632 723 792 797 inlatum,
828 723 939 786 obiter
973 725 1017 785 ab
1063 724 1228 805 Appiano
1264 745 1340 806 per-

195 838 414 920 stringuntur.
450 837 531 920 Cap.
558 861 641 916 2-5
671 850 830 921 tempora
856 841 907 902 Ti.
954 839 1148 922 Sempronii
1176 840 1339 915 Gracchi,

196 953 332 1030 Sullae,
368 954 540 1031 Caesaris,
576 957 744 1038 Augusti,
779 958 874 1019 bella
909 955 1014 1039 igitur
1047 958 1162 1021 ciuilia
1192 958 1272 1020 inde
1296 960 1340 1020 ab

196 1091 284 1133 anno
312 1094 371 1150 133
397 1093 505 1154 usque
522 1075 566 1135 ad
589 1093 714 1136 annum
731 1094 774 1150 30
790 1075 887 1135 breui
903 1075 938 1135 in
954 1085 1143 1154 conspectu
1159 1084 1339 1155 ponuntur.

196 1191 349 1272 Quarum
383 1213 496 1255 rerum
527 1194 704 1256 materiam
734 1193 915 1274 Appianus
939 1194 988 1256 ita
1012 1194 1159 1275 digerit:
1194 1187 1340 1283 „totale

196 1307 281 1402 „pto
310 1305 374 1377 ύσα
402 1309 455 1378 ἐπὶ
481 1305 668 1406 Κορνήλιον
696 1305 825 1378 Σύλλαν
846 1311 913 1379 ἀπὸ
934 1309 1152 1406 Σεμπρωνίου
1172 1307 1338 1406 Γράκχου·

196 1427 297 1524 ,ἑξῆς
333 1429 368 1498 δὲ
402 1427 465 1498 ὅσα
493 1431 591 1525 μέχρι
620 1425 720 1498 Γαΐου
750 1425 924 1526 Καίσαρος
951 1437 1013 1526 τῆς
1037 1429 1214 1525 τελευτῆς,
1243 1434 1278 1499 αἱ
1304 1431 1341 1500 δὲ

195 1558 329 1651 ,λοιπαὶ
356 1565 422 1627 τῶν
451 1554 641 1653 Ἐμφυλίιον
671 1558 776 1658 βίβλοι
805 1557 1005 1628 δεικνύουσιν
1034 1558 1098 1628 ύσα
1126 1564 1156 1627 οἱ
1182 1557 1275 1656 Τρεῖς
1304 1562 1337 1637 ε”ς

197 1678 387 1774 ,γάλλήλους
427 1704 463 1748 τε
490 1679 542 1748 καλ
570 1677 747 1770 Ρωμαίους
775 1680 931 1775 ἔδρασαν.
961 1681 1059 1775 μέχρι
1087 1681 1124 1749 τύ
1152 1679 1338 1750 τελευταῖον

196 1797 262 1893 „d'q
290 1805 357 1876 τῷν
385 1796 516 1878 ςάσειον
543 1799 596 1868 καὶ
625 1800 757 1892 μέγιςον
777 1801 894 1896 ἔργον,
914 1802 951 1869 τύ
965 1801 1040 1896 περὶ
1055 1796 1176 1870 Ἄκτιον
1192 1795 1338 1896 Καίσαρι

196 1920 301 2014 7,πρὸς
339 1915 514 1989 Ἀντώνιον
550 1921 634 2011 ὁμοῦ
668 1920 720 1988 καλ
757 1916 980 2017 Κλεοπάτραν
1017 1919 1216 2014 γενόμενον,
1246 1922 1337 2017 ἀρχὴ

196 2039 272 2133 „nul
297 2046 358 2136 τῆς
385 2036 608 2136 Αἰγυπτιακῆς
635 2037 728 2119 ἔςαι”
748 2045 778 2128 ¹).
802 2046 937 2109 Primus
959 2047 1065 2129 igitur
1088 2046 1265 2136 Bellonam
1285 2045 1338 2110 Ci-

195 2157 320 2222 uilium
354 2161 442 2224 liber
475 2182 553 2223 meo
588 2162 751 2223 inseruiet
773 2160 973 2241 proposito,
998 2159 1078 2240 quia
1100 2179 1155 2221 res
1179 2158 1337 2222 Sullanas

195 2274 430 2354 conplectitur.
447 2275 568 2355 Neque
585 2275 687 2348 liber,
704 2275 762 2354 qui
778 2273 960 2353 inscriptus
972 2282 1025 2335 est
1038 2261 1339 2363 „Mrilpuddteroc'',

195 2386 278 2447 mihi
300 2387 541 2468 neglegendus
565 2387 637 2448 erit.

239 2502 298 2564 Ad
311 2503 408 2577 uitia,
421 2523 510 2582 quae
522 2503 657 2582 scriptis
666 2503 818 2583 Appiani
832 2502 1028 2576 adhaerent,
1041 2504 1214 2583 pertinent
1225 2523 1339 2566 socor-

196 2619 252 2681 dia
266 2619 300 2680 in
316 2620 418 2681 rebus
433 2619 686 2700 chronologicis
698 2628 733 2680 et
746 2618 990 2700 geographicis
1003 2628 1106 2699 atque
1118 2620 1342 2700 neglegentia

194 2736 229 2796 in
252 2735 449 2798 scribendis·
463 2735 656 2797 nominibus
672 2735 828 2816 propriis,
854 2734 1121 2816 Chronologiam
1137 2736 1340 2816 praesertim

196 2848 324 2910 minimi
350 2847 473 2910 fecisse
497 2847 695 2929 Appianum
720 2869 766 2910 ex
789 2849 894 2929 ipsius
915 2849 1059 2929 adparet
1077 2849 1210 2911 verbis:
1239 2843 1341 2938 „tulit

197 2961 257 3056 „dl
292 2963 433 3059 χρόνους
466 2964 519 3032 ἐπὶ
557 2962 616 3055 μὲν
658 2968 741 3031 πᾶσι
768 2963 925 3058 περισσὸν
953 2959 1108 3057 ἡγούμην
1137 2962 1339 3056 καταλέγειν·

197 3084 275 3178 „e’nl
309 3084 344 3152 δὲ
377 3090 444 3152 τῶν
482 3081 735 3178 ἐπιρανεςύτιον
770 3085 805 3151 ἐκ
839 3083 1045 3178 διαςήματος
1073 3081 1294 3179 ύπομνήσιο.”
1313 3084 1340 3172 ²)

197 3204 373 3274 Alterum,
397 3205 489 3284 quod
520 3202 838 3273 animaduertimu5‚
863 3211 915 3263 est
948 3222 1055 3282 praua
1083 3202 1236 3283 Appiani
1261 3223 1341 3265 con·

241 3441 263 3522 ¹)
285 3442 362 3499 ΑΡΡ.
383 3444 422 3500 B.
449 3443 481 3500 C.
503 3443 527 3498 Ι.
550 3443 578 3497 6.
601 3475 641 3482 -
662 3438 744 3498 Libri
764 3439 803 3497 de
821 3439 909 3498 rebus
923 3437 1138 3516 Aegyptiacis,
1159 3438 1190 3496 in
1211 3438 1339 3514 quibuS,

196 3551 229 3599 ut
250 3560 286 3599 ex
307 3538 399 3618 ipsius
420 3538 519 3599 uerbis
540 3539 647 3615 liquet,
669 3537 826 3614 Appianus
848 3535 962 3613 reliqua
983 3537 1061 3597 bella
1082 3536 1180 3597 ciuilia
1198 3537 1340 3615 deinceps

197 3649 370 3716 persecutus
400 3637 508 3712 fuerit,
541 3636 701 3715 perierunt.
744 3635 816 3695 Veri
846 3645 948 3695 autem
977 3635 1071 3696 simile
1100 3647 1163 3710 est,
1193 3635 1340 3714 principio

196 3738 284 3798 fnisse
305 3758 415 3798 nouem
436 3741 471 3797 de
490 3741 531 3796 B.
558 3740 590 3797 C.
601 3736 694 3796 libros
703 3733 815 3816 (Phor.
830 3735 878 3794 ed.
889 3738 976 3794 Imm.
989 3737 1080 3795 Bekk.
1093 3737 1162 3796 cod.
1176 3754 1223 3814 57,
1237 3757 1266 3814 p.
1281 3737 1340 3816 16),

197 3857 267 3898 nam
288 3837 476 3916 Aegyptiaca
489 3836 630 3896 uidentur
641 3834 669 3893 in
682 3845 824 3911 quattuor
831 3834 923 3894 libros
930 3834 1019 3894 inisse
1027 3833 1132 3906 diuisa,
1148 3836 1186 3894 cf.
1201 3837 1339 3908 BEKKER,

197 3939 307 3996 Anccd.
333 3937 389 3996 Gr.
415 3938 508 4010 1814,
530 3955 560 4012 p.
585 3955 641 4011 139
663 3933 731 3993 alin.
755 3954 803 4010 31,
826 3955 854 4011 p.
880 3933 1017 4009 174alin.
1032 3955 1079 4008 14,
1092 3955 1121 4011 p.
1139 3953 1194 4011 179
1207 3933 1277 3992 alin.
1292 3955 1339 3992 21.

240 4035 266 4116 2)
286 4040 363 4094 ΑΡΡ.
386 4036 478 4112 praes.
503 4054 556 4111 13,
578 4035 616 4092 l.l.
629 4054 659 4110 p.
674 4054 719 4092 12.
741 4033 779 4091 ci.
801 4037 877 4092 ΑΡΡ.
900 4035 991 4108 Hisp.
1015 4036 1052 4092 28
1074 4044 1103 4092 et
1117 4054 1171 4109 343
1186 4037 1270 4092 Pan.
1285 4050 1339 4107 27;

199 4137 336 4196 Hannib.
360 4156 414 4212 29;
437 4135 506 4210 Syr.
529 4137 564 4208 6;
586 4134 677 4208 Hisp.
700 4133 739 4205 48
761 4141 790 4190 et
813 4135 868 4206 675
890 4135 929 4191 B.
956 4135 988 4192 C.
1000 4134 1024 4190 I.
1037 4133 1074 4210 87
1092 4142 1122 4190 et
1136 4152 1210 4208 103;
1228 4133 1340 4191 Mittr.

202 4255 238 4312 33
247 4258 255 4310 3
277 4236 388 4294 Miller.
414 4237 486 4307 1163
508 4234 591 4292 Pun.
616 4235 688 4305 126;
710 4231 1339 4308 Pun.127;Mit}zr.1705Pun.110,ubi

199 4331 398 4395 locutionibus
412 4343 445 4392 ut
458 4337 538 4415 μετὰ
555 4331 589 4396 δι’
608 4345 720 4407 τοῦτο,
740 4341 795 4398 τοῦ
813 4329 847 4396 δὲ
858 4338 1008 4408 ἐπιόντος
1021 4333 1114 4407 ἔτους
1127 4380 1134 4404 ,
1148 4333 1215 4412 ἅμα
1230 4329 1264 4396 δὲ
1279 4328 1340 4413 ι’γρι,

201 4451 275 4501 caet.
298 4438 398 4500 utitur.
421 4438 710 4512 Vid.W1Jnun,de
729 4439 791 4513 fide
811 4444 840 4495 ct
859 4443 936 4496 auct.
961 4438 1057 4512 App„
1080 4437 1175 4496 Gron.
1202 4439 1277 4512 1855
1292 4456 1340 4512 ,p.

202 4543 240 4617 96
262 4549 291 4599 et
313 4559 368 4615 103
392 4559 455 4615 sqq.
