3286 5272
897 505 936 564 32

346 679 418 743 Vix
447 681 585 743 tandem
620 702 657 742 se
681 681 824 762 conligit
858 690 894 742 et
915 701 978 762 per
1001 680 1093 744 inuia
1115 682 1334 764 progreditur
1354 701 1483 764 perque

345 799 489 880 paludes
512 797 688 879 fossasque
711 797 912 880 profundas,
937 799 1047 861 donec
1063 799 1238 882 tugurium
1256 800 1430 882 conspicit.
1446 801 1486 862 In

347 933 389 976 eo
424 933 532 976 senex
564 914 760 988 habitabat,
784 915 842 994 qui
864 915 959 976 lacus
983 913 1125 978 foderet.
1149 915 1215 978 Hic
1239 915 1387 978 Marium
1410 937 1486 997 sup-

345 1030 471 1110 plicem
494 1030 539 1092 ad
561 1031 706 1111 paludes
737 1031 876 1093 abducit
899 1039 1001 1112 atque
1032 1030 1066 1093 in
1089 1051 1270 1094 cauernam
1294 1051 1403 1114 prope
1426 1031 1486 1095 flu-

345 1147 439 1208 uium
462 1146 576 1209 subire
599 1147 702 1209 iubet.
727 1146 805 1209 Non
828 1147 877 1210 ita
900 1148 1006 1209 multo
1019 1157 1097 1227 post
1119 1168 1265 1229 magnus
1280 1148 1325 1210 ad
1339 1147 1488 1210 Marium

345 1262 505 1344 strepitus
536 1263 703 1344 peruenit.
739 1262 862 1325 Emissi
887 1262 977 1325 enim
1001 1273 1099 1326 erant
1121 1235 1262 1327 multia
1285 1264 1485 1339 Tarracina,

345 1379 403 1459 qui
426 1398 504 1440 eum
527 1388 821 1459 persequerentur.
853 1377 981 1440 Marius
1005 1400 1025 1440 e
1049 1399 1197 1442 cauerna
1218 1380 1373 1462 prorepit
1394 1401 1485 1444 sese-

346 1515 413 1576 que
445 1495 480 1557 in
512 1496 676 1575 paludem
698 1515 882 1558 coenosam
912 1495 1060 1559 inmittit.
1097 1494 1209 1577 Quem
1242 1517 1320 1560 cum
1343 1508 1486 1560 cernunt

344 1611 550 1694 indagantes
573 1612 703 1674 nudum
726 1631 903 1692 coenoque
927 1612 1105 1693 oppletum
1128 1612 1313 1694 abripiunt,
1345 1611 1486 1675 Mintur·

347 1747 409 1789 nas
432 1727 607 1790 abducunt
637 1727 962 1810 magistratibusque
985 1729 1131 1791 tradunt.

391 1841 540 1924 Quibus,
565 1863 642 1905 cum
666 1844 729 1906 toti
751 1843 820 1905 iam
845 1842 974 1906 ciuitati
998 1844 1195 1906 mandatum
1220 1854 1326 1918 esset,
1350 1854 1389 1908 ut
1411 1843 1485 1906 Ma·

347 1960 434 2022 rium
445 1968 729 2040 persequerentur
748 1960 990 2039 inuentumque
1006 1958 1251 2034 interficerent,
1267 1961 1392 2041 placet,
1408 1981 1487 2023 con-

347 2074 460 2137 festim
488 2073 634 2136 Marium
658 2094 733 2137 esse
756 2075 955 2136 necandum.
979 2075 1115 2155 Itaque,
1139 2095 1217 2137 cum
1239 2095 1340 2138 nemo
1364 2076 1487 2138 ciuium
1536 2073 1540 2086 '

347 2190 433 2253 illud
454 2190 490 2252 in
512 2211 549 2253 se
573 2189 727 2273 recipere
750 2189 857 2252 uellet
880 2189 1028 2265 facinus,
1051 2192 1096 2252 ad
1119 2211 1212 2266 eum,
1237 2211 1339 2272 quem
1357 2191 1488 2255 interea

348 2305 608 2370 custodiendum
638 2305 849 2368 tradiderant
875 2306 1095 2387 magistratus
1117 2306 1152 2368 in
1175 2308 1313 2370 domum
1336 2307 1488 2370 Fanniae

348 2423 536 2497 cuiusdam,
556 2441 660 2503 eques
684 2421 823 2485 natione
847 2420 968 2484 Gallus
991 2421 1063 2484 siue
1086 2419 1223 2486 Cimber
1245 2423 1394 2486 mittitur.
1419 2421 1488 2504 Qui

348 2548 483 2620 sumpto
506 2537 624 2620 gladio
649 2538 694 2599 ad
724 2537 872 2600 Marium
895 2538 1085 2619 ingressuS,
1113 2559 1196 2601 mox
1219 2548 1335 2602 tamen
1358 2549 1487 2602 terrore

348 2663 482 2736 captuS,
507 2654 642 2716 abiecto
665 2652 783 2736 gladio
807 2675 844 2716 se
867 2652 1032 2735 perfores
1048 2654 1206 2736 proripit,
1222 2676 1300 2718 cum
1316 2675 1362 2718 ex
1377 2657 1487 2718 oculis

342 2753 486 2833 ¹uictoris
509 2769 721 2833 Cimbrorum
744 2771 869 2834 multas
891 2769 1045 2856 flammas
1069 2771 1216 2833 emicare
1240 2772 1372 2834 uideret
1395 2791 1487 2834 eum·

348 2907 415 2968 que
456 2906 584 2969 magna
616 2906 703 2950 uoce
738 2887 920 2949 exaudiret
955 2888 1176 2950 clamantem:
1216 2897 1333 2962 ,tune,
1368 2888 1488 2963 hom0,

348 3004 454 3065 audes
478 3001 513 3065 C.
537 3001 684 3065 Marium
707 3001 866 3064 necare?”
890 3002 979 3065 Tum
998 3002 1220 3084 magistratus
1235 3002 1488 3066 Minturnenses

276 3185 278 3191 ,
347 3121 487 3183 decreto
520 3128 652 3182 mutato
687 3117 835 3182 Marium
865 3120 910 3181 ad
941 3120 1022 3182 litus
1053 3121 1203 3183 educunt
1234 3120 1333 3201 eique
1364 3139 1488 3182 nauem

347 3237 523 3317 praebent.
546 3235 624 3298 Hac
647 3245 751 3298 uento
775 3236 924 3298 secundo
948 3211 993 3297 ad
1017 3235 1204 3298 Aenariam
1214 3237 1359 3298 insulam
1378 3235 1487 3298 defer-

348 3362 415 3426 tur,
450 3352 509 3414 ubi
543 3350 707 3416 Granium
748 3351 886 3433 recipit,
925 3371 1072 3433 quocum
1106 3353 1230 3414 deinde
1264 3352 1298 3414 in
1333 3351 1487 3415 Africam

348 3468 512 3548 peruenit.
546 3467 600 3531 ibi
641 3466 710 3530 filio
749 3488 827 3530 cum
863 3466 1020 3550 Cethego
1055 3467 1198 3548 aliisque
1233 3466 1350 3530 amicis
1384 3467 1487 3529 saluis

348 3584 496 3666 receptis
518 3584 709 3664 paullulum
732 3594 856 3647 manet.

416 3700 556 3763 Interim
606 3698 705 3764 Sulla
737 3700 772 3762 in
807 3698 988 3763 Graeciam
1022 3699 1178 3781 profecto
1213 3699 1328 3780 ibique
1369 3708 1487 3762 contra

348 3809 565 3880 Mithradatis
588 3818 693 3880 duces
724 3816 953 3898 belligerante
976 3815 1115 3878 Romae
1138 3815 1260 3879 seditio
1285 3816 1397 3878 denuo
1414 3825 1487 3878 erat

350 3942 478 3996 exorta.
525 3931 627 4015 Quod
665 3943 704 3996 ut
741 3932 870 3995 Marius
905 3932 1045 4014 accipit,
1085 3931 1333 4013 quamprimum
1368 3930 1487 3994 Africa

349 4050 468 4112 relicta
490 4049 524 4111 in
547 4049 682 4111 ltaliam
705 4049 856 4131 nauigat.
880 4048 933 4110 Ibi
956 4057 1129 4111 reserant
1151 4047 1347 4111 inmutatae.
1381 4046 1488 4110 Cinna

351 4166 442 4228 enim
463 4186 532 4228 non
555 4165 701 4247 amplius
717 4176 791 4228 erat
807 4164 941 4240 consul,
958 4166 1020 4228 sed
1035 4167 1119 4227 urbe
1137 4164 1266 4227 eiectus
1282 4166 1326 4226 ab
1339 4161 1487 4227 Octauio

350 4281 498 4364 conlega
520 4300 582 4362 per
600 4281 735 4345 Italiam
759 4281 957 4355 oberrabat,
974 4281 1091 4362 copias
1106 4290 1224 4344 contra
1238 4280 1389 4342 Romam
1409 4299 1489 4342 con·

351 4399 472 4482 ligens.
495 4399 535 4460 In
557 4400 671 4462 locum
695 4400 766 4462 eius
790 4397 952 4461 suffectus
975 4406 1049 4460 erat
1072 4396 1249 4461 Cornelius
1272 4396 1415 4460 Merula.

396 4514 526 4577 Marius
548 4523 664 4578 autem
687 4514 830 4596 adpellit
853 4515 897 4576 ad
912 4513 1150 4588 Telamonem,
1166 4513 1321 4576 Etruriae
1337 4522 1488 4593 portum,
