<?xml version="1.0" encoding="UTF-8"?>
<!DOCTYPE html PUBLIC "-//W3C//DTD XHTML 1.0 Transitional//EN"
    "http://www.w3.org/TR/xhtml1/DTD/xhtml1-transitional.dtd">
<html xmlns="http://www.w3.org/1999/xhtml" xml:lang="en" lang="en">
 <head>
  <title>
</title>
<meta http-equiv="Content-Type" content="text/html;charset=utf-8" />
  <meta name='ocr-system' content='tesseract 3.04.00' />
  <meta name='ocr-capabilities' content='ocr_page ocr_carea ocr_par ocr_line ocrx_word'/>
</head>
<body>
  <div class='ocr_page' id='page_1' title='image "./defontibuspluta00kuypgoog_0067.png"; bbox 0 0 3286 5272; ppageno 0'>
   <div class='ocr_carea' id='block_1_1' title="bbox 918 557 956 614">
    <p class='ocr_par' dir='ltr' id='par_1_1' title="bbox 918 557 956 614">
     <span class='ocr_line' id='line_1_1' title="bbox 918 557 956 614; baseline 0 -16"><span class='ocrx_word' id='word_1_1' title='bbox 918 557 956 614; x_wconf 79' lang='lat'>52</span> 
     </span>
    </p>
   </div>
   <div class='ocr_carea' id='block_1_2' title="bbox 368 727 1514 1394">
    <p class='ocr_par' dir='ltr' id='par_1_2' title="bbox 368 727 1514 1394">
     <span class='ocr_line' id='line_1_2' title="bbox 369 727 1514 814; baseline -0.003 -20"><span class='ocrx_word' id='word_1_2' title='bbox 369 749 470 814; x_wconf 87' lang='lat' dir='ltr'>quem</span> <span class='ocrx_word' id='word_1_3' title='bbox 507 729 635 794; x_wconf 89' lang='lat' dir='ltr'>Marius</span> <span class='ocrx_word' id='word_1_4' title='bbox 670 729 988 793; x_wconf 85' lang='lat' dir='ltr'>commonefecisset</span> <span class='ocrx_word' id='word_1_5' title='bbox 1021 727 1199 803; x_wconf 87' lang='lat' dir='ltr'>beneficii,</span> <span class='ocrx_word' id='word_1_6' title='bbox 1224 750 1246 790; x_wconf 92' lang='lat' dir='ltr'>a</span> <span class='ocrx_word' id='word_1_7' title='bbox 1276 750 1313 792; x_wconf 92' lang='lat' dir='ltr'>se</span> <span class='ocrx_word' id='word_1_8' title='bbox 1337 729 1514 811; x_wconf 87' lang='lat' dir='ltr'>quondam</span> 
     </span>
     <span class='ocr_line' id='line_1_3' title="bbox 369 845 1513 930; baseline -0.003 -20"><span class='ocrx_word' id='word_1_9' title='bbox 369 845 519 930; x_wconf 87' lang='lat' dir='ltr'>accepti,</span> <span class='ocrx_word' id='word_1_10' title='bbox 543 855 646 927; x_wconf 88' lang='lat' dir='ltr'>atque</span> <span class='ocrx_word' id='word_1_11' title='bbox 670 846 717 910; x_wconf 91' lang='lat' dir='ltr'>ita</span> <span class='ocrx_word' id='word_1_12' title='bbox 745 845 891 908; x_wconf 88' lang='lat' dir='ltr'>Marium</span> <span class='ocrx_word' id='word_1_13' title='bbox 912 846 946 908; x_wconf 92' lang='lat' dir='ltr'>in</span> <span class='ocrx_word' id='word_1_14' title='bbox 962 846 1083 908; x_wconf 89' lang='lat' dir='ltr'>urbem</span> <span class='ocrx_word' id='word_1_15' title='bbox 1100 865 1176 908; x_wconf 91' lang='lat' dir='ltr'>esse</span> <span class='ocrx_word' id='word_1_16' title='bbox 1191 853 1371 925; x_wconf 91' lang='lat' dir='ltr'>receptum</span> <span class='ocrx_word' id='word_1_17' title='bbox 1395 845 1513 907; x_wconf 91' lang='lat' dir='ltr'>simul-</span> 
     </span>
     <span class='ocr_line' id='line_1_4' title="bbox 369 961 1513 1045; baseline -0.003 -19"><span class='ocrx_word' id='word_1_18' title='bbox 369 983 435 1045; x_wconf 90' lang='lat' dir='ltr'>que</span> <span class='ocrx_word' id='word_1_19' title='bbox 460 961 603 1026; x_wconf 85' lang='lat' dir='ltr'><strong>Cinnam</strong></span> <span class='ocrx_word' id='word_1_20' title='bbox 626 961 862 1026; x_wconf 88' lang='lat' dir='ltr'>intromissum.</span> <span class='ocrx_word' id='word_1_21' title='bbox 887 961 1102 1043; x_wconf 90' lang='lat' dir='ltr'>Epitomator</span> <span class='ocrx_word' id='word_1_22' title='bbox 1125 961 1212 1024; x_wconf 90' lang='lat' dir='ltr'>Liuii</span> <span class='ocrx_word' id='word_1_23' title='bbox 1224 970 1357 1024; x_wconf 89' lang='lat' dir='ltr'>tantum</span> <span class='ocrx_word' id='word_1_24' title='bbox 1377 961 1513 1024; x_wconf 86' lang='lat' dir='ltr'><strong>scribit:</strong></span> 
     </span>
     <span class='ocr_line' id='line_1_5' title="bbox 373 1075 1513 1154; baseline -0.004 -10"><span class='ocrx_word' id='word_1_25' title='bbox 373 1077 499 1154; x_wconf 90' lang='lat' dir='ltr'>„Cinna</span> <span class='ocrx_word' id='word_1_26' title='bbox 534 1089 569 1142; x_wconf 87' lang='lat' dir='ltr'>et</span> <span class='ocrx_word' id='word_1_27' title='bbox 602 1077 731 1142; x_wconf 89' lang='lat' dir='ltr'>Marius</span> <span class='ocrx_word' id='word_1_28' title='bbox 765 1098 843 1142; x_wconf 87' lang='lat' dir='ltr'>curn</span> <span class='ocrx_word' id='word_1_29' title='bbox 879 1077 1035 1142; x_wconf 84' lang='lat' dir='ltr'>Carbone</span> <span class='ocrx_word' id='word_1_30' title='bbox 1065 1088 1101 1142; x_wconf 90' lang='lat' dir='ltr'>et</span> <span class='ocrx_word' id='word_1_31' title='bbox 1131 1075 1285 1141; x_wconf 90' lang='lat' dir='ltr'>Sertorio</span> <span class='ocrx_word' id='word_1_32' title='bbox 1320 1077 1513 1140; x_wconf 82' lang='lat' dir='ltr'>Ianiculum</span> 
     </span>
     <span class='ocr_line' id='line_1_6' title="bbox 369 1193 1512 1278; baseline -0.001 -21"><span class='ocrx_word' id='word_1_33' title='bbox 369 1195 650 1278; x_wconf 87' lang='lat' dir='ltr'>occupauerunt.”</span> <span class='ocrx_word' id='word_1_34' title='bbox 684 1193 779 1276; x_wconf 80' lang='lat' dir='ltr'>Quos</span> <span class='ocrx_word' id='word_1_35' title='bbox 801 1204 874 1257; x_wconf 89' lang='lat' dir='ltr'>tum</span> <span class='ocrx_word' id='word_1_36' title='bbox 898 1195 1057 1258; x_wconf 91' lang='lat' dir='ltr'>continuo</span> <span class='ocrx_word' id='word_1_37' title='bbox 1081 1194 1286 1268; x_wconf 83' lang='lat' dir='ltr'>recessisse,</span> <span class='ocrx_word' id='word_1_38' title='bbox 1311 1213 1390 1258; x_wconf 89' lang='lat' dir='ltr'>cum</span> <span class='ocrx_word' id='word_1_39' title='bbox 1413 1193 1512 1256; x_wconf 90' lang='lat' dir='ltr'>Liuio</span> 
     </span>
     <span class='ocr_line' id='line_1_7' title="bbox 368 1300 1512 1394; baseline 0 -24"><span class='ocrx_word' id='word_1_40' title='bbox 368 1305 550 1391; x_wconf 89' lang='lat' dir='ltr'>Appianus</span> <span class='ocrx_word' id='word_1_41' title='bbox 573 1307 614 1370; x_wconf 91' lang='lat' dir='ltr'>B.</span> <span class='ocrx_word' id='word_1_42' title='bbox 642 1306 676 1372; x_wconf 89' lang='lat' dir='ltr'>C.</span> <span class='ocrx_word' id='word_1_43' title='bbox 702 1307 727 1382; x_wconf 93' lang='grc' dir='ltr'>Ι,</span> <span class='ocrx_word' id='word_1_44' title='bbox 753 1311 805 1382; x_wconf 87' lang='lat'>68,</span> <span class='ocrx_word' id='word_1_45' title='bbox 818 1315 904 1370; x_wconf 84' lang='lat' dir='ltr'>extr.</span> <span class='ocrx_word' id='word_1_46' title='bbox 918 1307 1133 1370; x_wconf 91' lang='lat' dir='ltr'>consentiens</span> <span class='ocrx_word' id='word_1_47' title='bbox 1148 1307 1274 1389; x_wconf 90' lang='lat' dir='ltr'>prodit:</span> <span class='ocrx_word' id='word_1_48' title='bbox 1301 1300 1399 1394; x_wconf 77' lang='grc' dir='ltr'>,,ἀλλ’</span> <span class='ocrx_word' id='word_1_49' title='bbox 1423 1300 1512 1371; x_wconf 77' lang='grc' dir='ltr'>οὗτοι</span> 
     </span>
    </p>
   </div>
   <div class='ocr_carea' id='block_1_3' title="bbox 370 1416 1513 1517">
    <p class='ocr_par' dir='ltr' id='par_1_3' title="bbox 370 1416 1513 1517">
     <span class='ocr_line' id='line_1_8' title="bbox 370 1416 1513 1517; baseline -0.003 -25"><span class='ocrx_word' id='word_1_50' title='bbox 370 1419 430 1514; x_wconf 82' lang='grc' dir='ltr'>μὲν</span> <span class='ocrx_word' id='word_1_51' title='bbox 470 1420 585 1492; x_wconf 75' lang='grc' dir='ltr'>αὐτίκα</span> <span class='ocrx_word' id='word_1_52' title='bbox 619 1419 851 1516; x_wconf 70' lang='grc' dir='ltr'>ἐξεώσθησαν,</span> <span class='ocrx_word' id='word_1_53' title='bbox 887 1416 1076 1490; x_wconf 76' lang='grc' dir='ltr'>Ὀκταουίου</span> <span class='ocrx_word' id='word_1_54' title='bbox 1112 1420 1164 1489; x_wconf 76' lang='grc' dir='ltr'>καὶ</span> <span class='ocrx_word' id='word_1_55' title='bbox 1192 1417 1371 1517; x_wconf 79' lang='grc' dir='ltr'>Πομπηίου</span> <span class='ocrx_word' id='word_1_56' title='bbox 1400 1422 1513 1517; x_wconf 82' lang='grc' dir='ltr'>σφίσιν</span> 
     </span>
    </p>
   </div>
   <div class='ocr_carea' id='block_1_4' title="bbox 369 1548 1513 1751">
    <p class='ocr_par' dir='ltr' id='par_1_4' title="bbox 369 1548 1513 1751">
     <span class='ocr_line' id='line_1_9' title="bbox 369 1548 1513 1648; baseline -0.001 -26"><span class='ocrx_word' id='word_1_57' title='bbox 369 1548 652 1648; x_wconf 70' lang='grc' dir='ltr'>ἐπιδραμόντων.”</span> <span class='ocrx_word' id='word_1_58' title='bbox 675 1556 711 1618; x_wconf 95' lang='grc' dir='ltr'><strong>Α</strong></span> <span class='ocrx_word' id='word_1_59' title='bbox 726 1556 911 1620; x_wconf 81' lang='lat' dir='ltr'>Plutarcho</span> <span class='ocrx_word' id='word_1_60' title='bbox 927 1576 982 1618; x_wconf 86' lang='lat' dir='ltr'>res</span> <span class='ocrx_word' id='word_1_61' title='bbox 997 1565 1071 1620; x_wconf 90' lang='lat' dir='ltr'>toto</span> <span class='ocrx_word' id='word_1_62' title='bbox 1087 1556 1186 1618; x_wconf 89' lang='lat' dir='ltr'>coelo</span> <span class='ocrx_word' id='word_1_63' title='bbox 1202 1556 1303 1620; x_wconf 89' lang='lat' dir='ltr'>aliter</span> <span class='ocrx_word' id='word_1_64' title='bbox 1318 1557 1513 1638; x_wconf 86' lang='lat' dir='ltr'>exponitur.</span> 
     </span>
     <span class='ocr_line' id='line_1_10' title="bbox 415 1667 1262 1751; baseline -0.004 -17"><span class='ocrx_word' id='word_1_65' title='bbox 415 1671 550 1734; x_wconf 86' lang='lat' dir='ltr'>Rursus</span> <span class='ocrx_word' id='word_1_66' title='bbox 574 1671 695 1734; x_wconf 88' lang='lat' dir='ltr'>eadem</span> <span class='ocrx_word' id='word_1_67' title='bbox 718 1671 848 1734; x_wconf 90' lang='lat' dir='ltr'>habent</span> <span class='ocrx_word' id='word_1_68' title='bbox 869 1667 1050 1751; x_wconf 83' lang='lat' dir='ltr'>Appianus</span> <span class='ocrx_word' id='word_1_69' title='bbox 1074 1677 1109 1732; x_wconf 89' lang='lat' dir='ltr'>et</span> <span class='ocrx_word' id='word_1_70' title='bbox 1131 1669 1262 1732; x_wconf 92' lang='lat' dir='ltr'>Liuius:</span> 
     </span>
    </p>
   </div>
   <div class='ocr_carea' id='block_1_5' title="bbox 445 1872 1465 1955">
    <p class='ocr_par' dir='ltr' id='par_1_5' title="bbox 445 1872 1465 1955">
     <span class='ocr_line' id='line_1_11' title="bbox 445 1872 1465 1955; baseline -0.001 -17"><span class='ocrx_word' id='word_1_71' title='bbox 445 1875 528 1938; x_wconf 73' lang='lat' dir='ltr'>Aer.</span> <span class='ocrx_word' id='word_1_72' title='bbox 544 1875 585 1938; x_wconf 90' lang='lat' dir='ltr'>B.</span> <span class='ocrx_word' id='word_1_73' title='bbox 605 1875 640 1938; x_wconf 91' lang='lat' dir='ltr'>C.</span> <span class='ocrx_word' id='word_1_74' title='bbox 656 1875 681 1938; x_wconf 87' lang='grc' dir='ltr'>Ι.</span> <span class='ocrx_word' id='word_1_75' title='bbox 699 1881 750 1954; x_wconf 82' lang='lat'>69.</span> <span class='ocrx_word' id='word_1_76' title='bbox 1132 1873 1203 1936; x_wconf 86' lang='lat' dir='ltr'>L1v.</span> <span class='ocrx_word' id='word_1_77' title='bbox 1218 1893 1291 1955; x_wconf 92' lang='lat' dir='ltr'>per.</span> <span class='ocrx_word' id='word_1_78' title='bbox 1306 1872 1465 1937; x_wconf 78' lang='lat' dir='ltr'>LXXX</span> 
     </span>
    </p>
   </div>
   <div class='ocr_carea' id='block_1_6' title="bbox 292 2005 1602 2228">
    <p class='ocr_par' dir='ltr' id='par_1_6' title="bbox 292 2005 1602 2228">
     <span class='ocr_line' id='line_1_12' title="bbox 344 2005 1602 2106; baseline -0.013 -26"><span class='ocrx_word' id='word_1_79' title='bbox 344 2007 466 2106; x_wconf 62' lang='lat' dir='ltr'>„iptio</span> <span class='ocrx_word' id='word_1_80' title='bbox 494 2009 530 2080; x_wconf 76' lang='grc' dir='ltr'>δὲ</span> <span class='ocrx_word' id='word_1_81' title='bbox 550 2009 623 2080; x_wconf 79' lang='grc' dir='ltr'>εἷλε</span> <span class='ocrx_word' id='word_1_82' title='bbox 642 2007 702 2102; x_wconf 82' lang='grc' dir='ltr'>μὲν</span> <span class='ocrx_word' id='word_1_83' title='bbox 722 2005 839 2080; x_wconf 82' lang='grc' dir='ltr'><strong>Ἄντιον</strong></span> <span class='ocrx_word' id='word_1_84' title='bbox 861 2008 914 2079; x_wconf 72' lang='grc' dir='ltr'>καὶ</span> <span class='ocrx_word' id='word_1_85' title='bbox 1014 2006 1162 2082; x_wconf 88' lang='lat' dir='ltr'>„Marius</span> <span class='ocrx_word' id='word_1_86' title='bbox 1184 2006 1328 2070; x_wconf 88' lang='lat' dir='ltr'>Antium</span> <span class='ocrx_word' id='word_1_87' title='bbox 1345 2017 1380 2071; x_wconf 82' lang='lat' dir='ltr'>et</span> <span class='ocrx_word' id='word_1_88' title='bbox 1391 2007 1554 2072; x_wconf 75' lang='lat' dir='ltr'>Ariciam</span> <span class='ocrx_word' id='word_1_89' title='bbox 1569 2019 1602 2071; x_wconf 83' lang='lat' dir='ltr'>et</span> 
     </span>
     <span class='ocr_line' id='line_1_13' title="bbox 292 2122 1598 2228; baseline -0.002 -36"><span class='ocrx_word' id='word_1_90' title='bbox 292 2125 433 2228; x_wconf 68' lang='grc' dir='ltr'>Ἀρικίαν</span> <span class='ocrx_word' id='word_1_91' title='bbox 460 2128 511 2200; x_wconf 75' lang='grc' dir='ltr'>καὶ</span> <span class='ocrx_word' id='word_1_92' title='bbox 541 2125 776 2202; x_wconf 76' lang='grc' dir='ltr'>Λανοὺουωι),”</span> <span class='ocrx_word' id='word_1_93' title='bbox 965 2122 1157 2186; x_wconf 86' lang='lat' dir='ltr'>Lanuuium</span> <span class='ocrx_word' id='word_1_94' title='bbox 1188 2125 1341 2188; x_wconf 84' lang='lat' dir='ltr'>colonias</span> <span class='ocrx_word' id='word_1_95' title='bbox 1372 2126 1598 2190; x_wconf 82' lang='lat' dir='ltr'>deuastauit.”</span> 
     </span>
    </p>
   </div>
   <div class='ocr_carea' id='block_1_7' title="bbox 367 2335 1636 4662">
    <p class='ocr_par' dir='ltr' id='par_1_7' title="bbox 367 2335 1636 3380">
     <span class='ocr_line' id='line_1_14' title="bbox 415 2335 1636 2420; baseline 0.005 -20"><span class='ocrx_word' id='word_1_96' title='bbox 415 2335 517 2420; x_wconf 84' lang='lat' dir='ltr'>Quod</span> <span class='ocrx_word' id='word_1_97' title='bbox 546 2335 624 2400; x_wconf 86' lang='lat' dir='ltr'>dein</span> <span class='ocrx_word' id='word_1_98' title='bbox 648 2336 764 2398; x_wconf 92' lang='lat' dir='ltr'>Liuius</span> <span class='ocrx_word' id='word_1_99' title='bbox 791 2336 835 2398; x_wconf 84' lang='lat' dir='ltr'>ll.</span> <span class='ocrx_word' id='word_1_100' title='bbox 859 2335 979 2409; x_wconf 88' lang='lat' dir='ltr'>tradit,</span> <span class='ocrx_word' id='word_1_101' title='bbox 1003 2335 1128 2399; x_wconf 89' lang='lat' dir='ltr'>milites</span> <span class='ocrx_word' id='word_1_102' title='bbox 1152 2347 1331 2419; x_wconf 87' lang='lat' dir='ltr'>corruptos</span> <span class='ocrx_word' id='word_1_103' title='bbox 1353 2357 1515 2420; x_wconf 85' lang='lat' dir='ltr'>pugnare</span> <span class='ocrx_word' id='word_1_104' title='bbox 1635 2395 1636 2406; x_wconf 70' lang='grc'>,</span> 
     </span>
     <span class='ocr_line' id='line_1_15' title="bbox 368 2451 1517 2536; baseline 0.002 -20"><span class='ocrx_word' id='word_1_105' title='bbox 368 2453 534 2528; x_wconf 88' lang='lat' dir='ltr'>noluisse,</span> <span class='ocrx_word' id='word_1_106' title='bbox 570 2461 628 2516; x_wconf 87' lang='lat' dir='ltr'>aut</span> <span class='ocrx_word' id='word_1_107' title='bbox 651 2451 686 2515; x_wconf 91' lang='lat' dir='ltr'>in</span> <span class='ocrx_word' id='word_1_108' title='bbox 710 2451 863 2514; x_wconf 85' lang='lat' dir='ltr'>diuersas</span> <span class='ocrx_word' id='word_1_109' title='bbox 885 2461 1002 2534; x_wconf 86' lang='lat' dir='ltr'>partes</span> <span class='ocrx_word' id='word_1_110' title='bbox 1024 2452 1214 2528; x_wconf 84' lang='lat' dir='ltr'>transiisse,</span> <span class='ocrx_word' id='word_1_111' title='bbox 1238 2455 1305 2516; x_wconf 91' lang='lat' dir='ltr'>hoc</span> <span class='ocrx_word' id='word_1_112' title='bbox 1328 2453 1517 2536; x_wconf 88' lang='lat' dir='ltr'>Appianus</span> 
     </span>
     <span class='ocr_line' id='line_1_16' title="bbox 369 2569 1517 2635; baseline 0.001 -1"><span class='ocrx_word' id='word_1_113' title='bbox 369 2571 413 2634; x_wconf 89' lang='lat' dir='ltr'>l.l.</span> <span class='ocrx_word' id='word_1_114' title='bbox 448 2569 552 2634; x_wconf 85' lang='lat' dir='ltr'>etiam</span> <span class='ocrx_word' id='word_1_115' title='bbox 586 2569 677 2634; x_wconf 80' lang='lat' dir='ltr'>dicit</span> <span class='ocrx_word' id='word_1_116' title='bbox 724 2569 911 2633; x_wconf 86' lang='lat' dir='ltr'>Plutarcho</span> <span class='ocrx_word' id='word_1_117' title='bbox 946 2571 1068 2633; x_wconf 89' lang='lat' dir='ltr'>eadem</span> <span class='ocrx_word' id='word_1_118' title='bbox 1090 2590 1146 2632; x_wconf 89' lang='lat' dir='ltr'>res</span> <span class='ocrx_word' id='word_1_119' title='bbox 1169 2572 1214 2633; x_wconf 94' lang='lat' dir='ltr'>ob</span> <span class='ocrx_word' id='word_1_120' title='bbox 1238 2570 1359 2634; x_wconf 90' lang='lat' dir='ltr'>oculos</span> <span class='ocrx_word' id='word_1_121' title='bbox 1381 2574 1517 2635; x_wconf 84' lang='lat' dir='ltr'>uersari</span> 
     </span>
     <span class='ocr_line' id='line_1_17' title="bbox 370 2682 1514 2784; baseline 0.003 -32"><span class='ocrx_word' id='word_1_122' title='bbox 370 2689 505 2754; x_wconf 89' lang='lat' dir='ltr'>uidetur</span> <span class='ocrx_word' id='word_1_123' title='bbox 542 2690 704 2754; x_wconf 86' lang='lat' dir='ltr'>scribenti</span> <span class='ocrx_word' id='word_1_124' title='bbox 746 2689 839 2754; x_wconf 84' lang='lat' dir='ltr'>Mar.</span> <span class='ocrx_word' id='word_1_125' title='bbox 883 2711 940 2768; x_wconf 80' lang='lat'>42:</span> <span class='ocrx_word' id='word_1_126' title='bbox 984 2685 1080 2778; x_wconf 66' lang='lat' dir='ltr'>„inei</span> <span class='ocrx_word' id='word_1_127' title='bbox 1132 2685 1168 2756; x_wconf 83' lang='grc' dir='ltr'>δὲ</span> <span class='ocrx_word' id='word_1_128' title='bbox 1215 2682 1384 2766; x_wconf 79' lang='grc' dir='ltr'>Μέτελλος</span> <span class='ocrx_word' id='word_1_129' title='bbox 1430 2690 1514 2784; x_wconf 72' lang='grc' dir='ltr'>ἧκεν</span> 
     </span>
     <span class='ocr_line' id='line_1_18' title="bbox 370 2801 1515 2906; baseline 0.002 -30"><span class='ocrx_word' id='word_1_130' title='bbox 370 2807 416 2884; x_wconf 79' lang='grc' dir='ltr'>εἰς</span> <span class='ocrx_word' id='word_1_131' title='bbox 468 2801 596 2902; x_wconf 76' lang='grc' dir='ltr'>Ρώμην</span> <span class='ocrx_word' id='word_1_132' title='bbox 645 2803 698 2874; x_wconf 76' lang='grc' dir='ltr'>καὶ</span> <span class='ocrx_word' id='word_1_133' title='bbox 746 2803 830 2874; x_wconf 80' lang='grc' dir='ltr'>πολὺ</span> <span class='ocrx_word' id='word_1_134' title='bbox 881 2810 939 2874; x_wconf 80' lang='grc' dir='ltr'>τοῦ</span> <span class='ocrx_word' id='word_1_135' title='bbox 988 2802 1177 2876; x_wconf 76' lang='grc' dir='ltr'>Ὀκταουίου</span> <span class='ocrx_word' id='word_1_136' title='bbox 1226 2807 1515 2906; x_wconf 75' lang='grc' dir='ltr'>ςραπηγικῶτερος</span> 
     </span>
     <span class='ocr_line' id='line_1_19' title="bbox 370 2923 1634 3025; baseline -0.002 -27"><span class='ocrx_word' id='word_1_137' title='bbox 370 2926 542 3022; x_wconf 69' lang='grc' dir='ltr'>ἐφαίνετο,</span> <span class='ocrx_word' id='word_1_138' title='bbox 575 2923 808 3002; x_wconf 75' lang='grc' dir='ltr'>καταλιπόντες</span> <span class='ocrx_word' id='word_1_139' title='bbox 846 2927 877 2994; x_wconf 87' lang='grc' dir='ltr'>οἱ</span> <span class='ocrx_word' id='word_1_140' title='bbox 908 2932 1085 3021; x_wconf 56' lang='lat' dir='ltr'>§porriitur</span> <span class='ocrx_word' id='word_1_141' title='bbox 1119 2928 1174 2996; x_wconf 77' lang='grc' dir='ltr'>τον</span> <span class='ocrx_word' id='word_1_142' title='bbox 1207 2924 1394 2998; x_wconf 76' lang='grc' dir='ltr'>Ὀκτάουιον</span> <span class='ocrx_word' id='word_1_143' title='bbox 1428 2932 1513 3025; x_wconf 81' lang='grc' dir='ltr'>ἧκον</span> <span class='ocrx_word' id='word_1_144' title='bbox 1633 2989 1634 3018; x_wconf 25' lang='grc' dir='ltr'>ς</span> 
     </span>
     <span class='ocr_line' id='line_1_20' title="bbox 369 3025 1512 3142; baseline 0.005 -30"><span class='ocrx_word' id='word_1_145' title='bbox 369 3047 416 3126; x_wconf 78' lang='grc' dir='ltr'>ὡς</span> <span class='ocrx_word' id='word_1_146' title='bbox 464 3047 595 3118; x_wconf 78' lang='grc' dir='ltr'>ἐκεῖνον.</span> <span class='ocrx_word' id='word_1_147' title='bbox 645 3089 663 3095; x_wconf 98' lang='grc'>-</span> <span class='ocrx_word' id='word_1_148' title='bbox 676 3089 694 3095; x_wconf 79' lang='lat'><em>-</em></span> <span class='ocrx_word' id='word_1_149' title='bbox 741 3088 789 3094; x_wconf 83' lang='lat'>——</span> <span class='ocrx_word' id='word_1_150' title='bbox 836 3025 1126 3142; x_wconf 71' lang='grc' dir='ltr'>ἀγανακτήσανπος</span> <span class='ocrx_word' id='word_1_151' title='bbox 1166 3046 1202 3116; x_wconf 80' lang='grc' dir='ltr'>δὲ</span> <span class='ocrx_word' id='word_1_152' title='bbox 1240 3051 1298 3116; x_wconf 84' lang='grc' dir='ltr'>τοῦ</span> <span class='ocrx_word' id='word_1_153' title='bbox 1339 3044 1512 3120; x_wconf 76' lang='grc' dir='ltr'>Μετέλλου</span> 
     </span>
     <span class='ocr_line' id='line_1_21' title="bbox 367 3162 1513 3266; baseline 0.004 -31"><span class='ocrx_word' id='word_1_154' title='bbox 367 3166 421 3237; x_wconf 76' lang='grc' dir='ltr'>καλ</span> <span class='ocrx_word' id='word_1_155' title='bbox 447 3163 637 3244; x_wconf 73' lang='grc' dir='ltr'>κελεύοντος</span> <span class='ocrx_word' id='word_1_156' title='bbox 664 3165 794 3236; x_wconf 77' lang='grc' dir='ltr'>ἀπιέναι</span> <span class='ocrx_word' id='word_1_157' title='bbox 821 3167 904 3262; x_wconf 72' lang='grc' dir='ltr'>πρὸς</span> <span class='ocrx_word' id='word_1_158' title='bbox 921 3167 977 3234; x_wconf 74' lang='grc' dir='ltr'>τον</span> <span class='ocrx_word' id='word_1_159' title='bbox 1005 3162 1145 3250; x_wconf 82' lang='grc' dir='ltr'>ὕπατον,</span> <span class='ocrx_word' id='word_1_160' title='bbox 1174 3165 1308 3263; x_wconf 66' lang='grc' dir='ltr'>ἰ’ρχοντο</span> <span class='ocrx_word' id='word_1_161' title='bbox 1334 3171 1417 3266; x_wconf 74' lang='grc' dir='ltr'>πρὸς</span> <span class='ocrx_word' id='word_1_162' title='bbox 1433 3169 1513 3248; x_wconf 82' lang='grc' dir='ltr'>τοὺς</span> 
     </span>
     <span class='ocr_line' id='line_1_22' title="bbox 369 3284 578 3380; baseline -0.005 -22"><span class='ocrx_word' id='word_1_163' title='bbox 369 3284 578 3380; x_wconf 76' lang='grc' dir='ltr'>πολεμίους.”</span> 
     </span>
    </p>

    <p class='ocr_par' dir='ltr' id='par_1_8' title="bbox 370 3405 1632 3839">
     <span class='ocr_line' id='line_1_23' title="bbox 413 3405 1512 3491; baseline 0 -19"><span class='ocrx_word' id='word_1_164' title='bbox 413 3407 454 3472; x_wconf 92' lang='lat' dir='ltr'>In</span> <span class='ocrx_word' id='word_1_165' title='bbox 475 3407 640 3491; x_wconf 87' lang='lat' dir='ltr'>periocha</span> <span class='ocrx_word' id='word_1_166' title='bbox 662 3425 745 3469; x_wconf 88' lang='lat' dir='ltr'>uero</span> <span class='ocrx_word' id='word_1_167' title='bbox 775 3405 919 3468; x_wconf 82' lang='lat' dir='ltr'>Liuiana</span> <span class='ocrx_word' id='word_1_168' title='bbox 940 3406 1025 3468; x_wconf 90' lang='lat' dir='ltr'>nihil</span> <span class='ocrx_word' id='word_1_169' title='bbox 1047 3407 1174 3489; x_wconf 89' lang='lat' dir='ltr'>legitur</span> <span class='ocrx_word' id='word_1_170' title='bbox 1195 3409 1289 3489; x_wconf 93' lang='lat' dir='ltr'>quod</span> <span class='ocrx_word' id='word_1_171' title='bbox 1312 3408 1442 3472; x_wconf 85' lang='lat' dir='ltr'>adtinet</span> <span class='ocrx_word' id='word_1_172' title='bbox 1464 3411 1512 3472; x_wconf 83' lang='lat' dir='ltr'>ad</span> 
     </span>
     <span class='ocr_line' id='line_1_24' title="bbox 370 3515 1632 3606; baseline 0 -18"><span class='ocrx_word' id='word_1_173' title='bbox 370 3524 569 3606; x_wconf 85' lang='lat' dir='ltr'>haruspices</span> <span class='ocrx_word' id='word_1_174' title='bbox 602 3535 638 3586; x_wconf 87' lang='lat' dir='ltr'>et</span> <span class='ocrx_word' id='word_1_175' title='bbox 671 3522 822 3585; x_wconf 85' lang='lat' dir='ltr'>hariolos</span> <span class='ocrx_word' id='word_1_176' title='bbox 856 3533 892 3584; x_wconf 90' lang='lat' dir='ltr'>et</span> <span class='ocrx_word' id='word_1_177' title='bbox 926 3521 1134 3594; x_wconf 85' lang='lat' dir='ltr'>Chaldaeos,</span> <span class='ocrx_word' id='word_1_178' title='bbox 1168 3524 1228 3605; x_wconf 92' lang='lat' dir='ltr'>qui</span> <span class='ocrx_word' id='word_1_179' title='bbox 1262 3522 1445 3588; x_wconf 86' lang='lat' dir='ltr'>Octauium</span> <span class='ocrx_word' id='word_1_180' title='bbox 1474 3527 1511 3587; x_wconf 91' lang='lat' dir='ltr'>in</span> <span class='ocrx_word' id='word_1_181' title='bbox 1631 3515 1632 3518; x_wconf 26' lang='lat'>¹</span> 
     </span>
     <span class='ocr_line' id='line_1_25' title="bbox 370 3637 1511 3722; baseline 0.002 -18"><span class='ocrx_word' id='word_1_182' title='bbox 370 3641 456 3704; x_wconf 88' lang='lat' dir='ltr'>urbe</span> <span class='ocrx_word' id='word_1_183' title='bbox 478 3640 708 3712; x_wconf 84' lang='lat' dir='ltr'>retinuissent,</span> <span class='ocrx_word' id='word_1_184' title='bbox 732 3637 828 3702; x_wconf 88' lang='lat' dir='ltr'>cuius</span> <span class='ocrx_word' id='word_1_185' title='bbox 850 3637 899 3700; x_wconf 87' lang='lat' dir='ltr'>rei</span> <span class='ocrx_word' id='word_1_186' title='bbox 922 3639 1050 3701; x_wconf 88' lang='lat' dir='ltr'>mentio</span> <span class='ocrx_word' id='word_1_187' title='bbox 1066 3637 1105 3702; x_wconf 87' lang='lat' dir='ltr'>fit</span> <span class='ocrx_word' id='word_1_188' title='bbox 1119 3649 1155 3702; x_wconf 89' lang='lat' dir='ltr'>et</span> <span class='ocrx_word' id='word_1_189' title='bbox 1170 3641 1263 3722; x_wconf 86' lang='lat' dir='ltr'>apud</span> <span class='ocrx_word' id='word_1_190' title='bbox 1277 3640 1511 3709; x_wconf 80' lang='lat' dir='ltr'>Plutarchum.</span> 
     </span>
     <span class='ocr_line' id='line_1_26' title="bbox 370 3756 758 3839; baseline -0.013 -18"><span class='ocrx_word' id='word_1_191' title='bbox 370 3769 405 3821; x_wconf 85' lang='lat' dir='ltr'>et</span> <span class='ocrx_word' id='word_1_192' title='bbox 427 3758 522 3838; x_wconf 88' lang='lat' dir='ltr'>apud</span> <span class='ocrx_word' id='word_1_193' title='bbox 544 3756 758 3839; x_wconf 78' lang='lat' dir='ltr'>Appianum:</span> 
     </span>
    </p>

    <p class='ocr_par' dir='ltr' id='par_1_9' title="bbox 370 3859 1511 4084">
     <span class='ocr_line' id='line_1_27' title="bbox 414 3859 1511 3956; baseline 0.002 -23"><span class='ocrx_word' id='word_1_194' title='bbox 414 3869 514 3934; x_wconf 79' lang='lat' dir='ltr'>Ptur.</span> <span class='ocrx_word' id='word_1_195' title='bbox 537 3869 629 3932; x_wconf 60' lang='lat' dir='ltr'>,ilua</span> <span class='ocrx_word' id='word_1_196' title='bbox 654 3890 714 3947; x_wconf 62' lang='grc' dir='ltr'>με</span> <span class='ocrx_word' id='word_1_197' title='bbox 739 3859 951 3956; x_wconf 48' lang='lat' dir='ltr'>‚yth-,tuoni</span> <span class='ocrx_word' id='word_1_198' title='bbox 979 3861 1015 3932; x_wconf 74' lang='grc' dir='ltr'>δὲ</span> <span class='ocrx_word' id='word_1_199' title='bbox 1038 3859 1197 3933; x_wconf 71' lang='grc' dir='ltr'>Χαλδαῖοι</span> <span class='ocrx_word' id='word_1_200' title='bbox 1223 3863 1276 3932; x_wconf 76' lang='grc' dir='ltr'>καὶ</span> <span class='ocrx_word' id='word_1_201' title='bbox 1305 3862 1403 3934; x_wconf 74' lang='grc' dir='ltr'>θῡπαί</span> <span class='ocrx_word' id='word_1_202' title='bbox 1428 3891 1511 3944; x_wconf 76' lang='grc' dir='ltr'>τινες</span> 
     </span>
     <span class='ocr_line' id='line_1_28' title="bbox 370 3979 1252 4084; baseline -0.005 -30"><span class='ocrx_word' id='word_1_203' title='bbox 370 3983 422 4054; x_wconf 76' lang='grc' dir='ltr'>καλ</span> <span class='ocrx_word' id='word_1_204' title='bbox 449 3982 631 4084; x_wconf 73' lang='grc' dir='ltr'>αιβολλιςαὶ</span> <span class='ocrx_word' id='word_1_205' title='bbox 657 3981 830 4062; x_wconf 70' lang='grc' dir='ltr'>πείσαντες</span> <span class='ocrx_word' id='word_1_206' title='bbox 856 3984 891 4052; x_wconf 83' lang='grc' dir='ltr'>ἐν</span> <span class='ocrx_word' id='word_1_207' title='bbox 919 3979 1030 4079; x_wconf 48' lang='lat' dir='ltr'>Pupp</span> <span class='ocrx_word' id='word_1_208' title='bbox 1056 3981 1252 4079; x_wconf 78' lang='grc' dir='ltr'>κατέαχον.”</span> 
     </span>
    </p>

    <p class='ocr_par' dir='ltr' id='par_1_10' title="bbox 370 4098 1630 4440">
     <span class='ocr_line' id='line_1_29' title="bbox 415 4098 1630 4202; baseline 0.002 -30"><span class='ocrx_word' id='word_1_209' title='bbox 415 4109 497 4172; x_wconf 72' lang='lat' dir='ltr'>An».</span> <span class='ocrx_word' id='word_1_210' title='bbox 520 4111 562 4173; x_wconf 86' lang='lat' dir='ltr'>B.</span> <span class='ocrx_word' id='word_1_211' title='bbox 588 4108 624 4174; x_wconf 89' lang='lat' dir='ltr'>C.</span> <span class='ocrx_word' id='word_1_212' title='bbox 646 4107 673 4172; x_wconf 82' lang='lat' dir='ltr'><strong>L</strong></span> <span class='ocrx_word' id='word_1_213' title='bbox 699 4129 757 4188; x_wconf 78' lang='lat'>71:</span> <span class='ocrx_word' id='word_1_214' title='bbox 781 4100 987 4198; x_wconf 65' lang='grc' dir='ltr'>7,Ὁνιταοοιίιι</span> <span class='ocrx_word' id='word_1_215' title='bbox 1013 4103 1050 4173; x_wconf 69' lang='grc' dir='ltr'>δὲ</span> <span class='ocrx_word' id='word_1_216' title='bbox 1076 4098 1198 4181; x_wconf 70' lang='grc' dir='ltr'>Κίννας</span> <span class='ocrx_word' id='word_1_217' title='bbox 1225 4103 1285 4195; x_wconf 77' lang='grc' dir='ltr'>μὲν</span> <span class='ocrx_word' id='word_1_218' title='bbox 1308 4105 1362 4174; x_wconf 76' lang='grc' dir='ltr'>καὶ</span> <span class='ocrx_word' id='word_1_219' title='bbox 1382 4100 1509 4202; x_wconf 74' lang='grc' dir='ltr'>Μάριος</span> <span class='ocrx_word' id='word_1_220' title='bbox 1629 4109 1630 4124; x_wconf 72' lang='grc'>’</span> 
     </span>
     <span class='ocr_line' id='line_1_30' title="bbox 370 4219 1510 4318; baseline 0.003 -27"><span class='ocrx_word' id='word_1_221' title='bbox 370 4219 485 4318; x_wconf 56' lang='lat' dir='ltr'>ipsu</span> <span class='ocrx_word' id='word_1_222' title='bbox 511 4221 764 4317; x_wconf 65' lang='grc' dir='ltr'>ἐπεπόμφεσαν,</span> <span class='ocrx_word' id='word_1_223' title='bbox 790 4222 843 4292; x_wconf 73' lang='grc' dir='ltr'>καὶ</span> <span class='ocrx_word' id='word_1_224' title='bbox 868 4220 963 4292; x_wconf 68' lang='lat' dir='ltr'>iiten</span> <span class='ocrx_word' id='word_1_225' title='bbox 985 4223 1037 4292; x_wconf 72' lang='grc' dir='ltr'>καὶ</span> <span class='ocrx_word' id='word_1_226' title='bbox 1061 4219 1196 4315; x_wconf 79' lang='grc' dir='ltr'>μάντεις</span> <span class='ocrx_word' id='word_1_227' title='bbox 1217 4223 1312 4293; x_wconf 70' lang='grc' dir='ltr'>οὐδὲν</span> <span class='ocrx_word' id='word_1_228' title='bbox 1333 4223 1510 4294; x_wconf 78' lang='grc' dir='ltr'>πείσεσθαι</span> 
     </span>
     <span class='ocr_line' id='line_1_31' title="bbox 370 4341 1177 4440; baseline -0.001 -29"><span class='ocrx_word' id='word_1_229' title='bbox 370 4341 564 4440; x_wconf 57' lang='grc' dir='ltr'>προύλεγον,</span> <span class='ocrx_word' id='word_1_230' title='bbox 593 4345 624 4412; x_wconf 80' lang='grc' dir='ltr'>οἱ</span> <span class='ocrx_word' id='word_1_231' title='bbox 649 4342 686 4414; x_wconf 73' lang='grc' dir='ltr'>δὲ</span> <span class='ocrx_word' id='word_1_232' title='bbox 712 4343 801 4438; x_wconf 57' lang='lat' dir='ltr'>&#39;pstor</span> <span class='ocrx_word' id='word_1_233' title='bbox 828 4349 941 4438; x_wconf 58' lang='lat' dir='ltr'>&#39;forsit</span> <span class='ocrx_word' id='word_1_234' title='bbox 968 4341 1177 4440; x_wconf 65' lang='grc' dir='ltr'>παρῇνοινι.”</span> 
     </span>
    </p>

    <p class='ocr_par' dir='ltr' id='par_1_11' title="bbox 371 4461 1508 4662">
     <span class='ocr_line' id='line_1_32' title="bbox 415 4461 1508 4542; baseline 0.001 -14"><span class='ocrx_word' id='word_1_235' title='bbox 415 4461 486 4528; x_wconf 84' lang='lat' dir='ltr'>Sed</span> <span class='ocrx_word' id='word_1_236' title='bbox 508 4461 648 4527; x_wconf 84' lang='lat' dir='ltr'>definite</span> <span class='ocrx_word' id='word_1_237' title='bbox 669 4463 876 4527; x_wconf 80' lang='lat' dir='ltr'>Plutarchus</span> <span class='ocrx_word' id='word_1_238' title='bbox 886 4463 978 4536; x_wconf 86' lang='lat' dir='ltr'>dicit,</span> <span class='ocrx_word' id='word_1_239' title='bbox 993 4462 1175 4527; x_wconf 85' lang='lat' dir='ltr'>Octauium</span> <span class='ocrx_word' id='word_1_240' title='bbox 1185 4463 1402 4528; x_wconf 77' lang='lat' dir='ltr'>interiectum</span> <span class='ocrx_word' id='word_1_241' title='bbox 1417 4487 1508 4542; x_wconf 71' lang='lat' dir='ltr'>esse,</span> 
     </span>
     <span class='ocr_line' id='line_1_33' title="bbox 371 4579 1061 4662; baseline 0.001 -20"><span class='ocrx_word' id='word_1_242' title='bbox 371 4579 566 4662; x_wconf 80' lang='lat' dir='ltr'>priusquam</span> <span class='ocrx_word' id='word_1_243' title='bbox 589 4580 718 4644; x_wconf 82' lang='lat' dir='ltr'>Marius</span> <span class='ocrx_word' id='word_1_244' title='bbox 740 4583 860 4644; x_wconf 83' lang='lat' dir='ltr'>urbem</span> <span class='ocrx_word' id='word_1_245' title='bbox 886 4580 1061 4644; x_wconf 67' lang='lat' dir='ltr'>intrasset:</span> 
     </span>
    </p>
   </div>
   <div class='ocr_carea' id='block_1_8' title="bbox 0 0 1648 5272">
    <p class='ocr_par' dir='ltr' id='par_1_12' title="bbox 0 0 1648 5272">
     <span class='ocr_line' id='line_1_34' title="bbox 0 0 1648 5272; baseline 0 0"><span class='ocrx_word' id='word_1_246' title='bbox 0 0 1648 5272; x_wconf 95' lang='lat' dir='ltr'> </span> 
     </span>
    </p>
   </div>
  </div>
 </body>
</html>
