3286 5272
677 1225 957 1314 CAPUT
1012 1226 1102 1310 ΙΙΙ.

354 1601 410 1657 uu
441 1600 571 1659 sumn
593 1601 647 1658 ET
668 1600 805 1672 ammo
833 1598 1069 1659 Acromssus
1090 1599 1134 1656 m
1155 1599 1273 1656 emm
1294 1595 1442 1655 clvms

492 1726 629 1784 PARTE
651 1725 821 1800 omont,
847 1725 964 1798 QUAE
985 1707 1059 1782 est
1080 1723 1217 1798 usQuE
1240 1724 1298 1780 AD

720 1852 844 1909 Manu
875 1850 1068 1909 MORTEM.

838 2385 907 2455 51.

341 2568 523 2622 Plutarchi
541 2570 577 2621 et
596 2566 747 2633 Appiani
765 2568 983 2623 narrationes
1000 2568 1095 2621 inter
1112 2579 1187 2620 sese
1206 2564 1464 2632 comparantur.

371 2746 470 2808 Pcur.
506 2744 591 2810 Sall.
628 2751 657 2808 8.
703 2744 874 2828 Sulpicius
912 2745 1066 2808 tribunus
1099 2745 1211 2826 plebis
1246 2743 1462 2826 rogationem

327 2862 408 2937 fert,
443 2883 511 2945 qua
545 2862 655 2925 Mario
689 2863 724 2925 in
746 2863 841 2925 bello
876 2871 995 2926 contra
1017 2862 1262 2925 Mithradatem
1284 2861 1465 2943 imperium

326 2978 528 3041 decernitur.
560 2977 726 3042 Consules
749 2978 914 3041 iustitium
936 2979 1097 3040 indicunt.
1128 2978 1310 3040 Tumultus
1333 2977 1367 3038 in
1390 2976 1464 3038 foro

327 3095 525 3158 concitatur.
548 3092 650 3157 Multi
673 3094 828 3175 interque
852 3094 914 3156 hos
938 3093 1082 3174 Pompei
1105 3093 1253 3157 consulis
1272 3091 1361 3154 filius
1381 3092 1464 3153 adu-

327 3211 460 3273 lescens
483 3208 737 3273 interficiuntur.
785 3208 952 3291 Pompeio
976 3210 1056 3290 ipsi,
1086 3209 1143 3290 qui
1166 3209 1255 3271 clam
1279 3206 1465 3289 effugerat,

328 3327 523 3389 consulatus
559 3328 755 3408 abrogatur.
794 3326 872 3388 Non
905 3345 988 3387 uero
1024 3323 1142 3388 Sullae
1176 3324 1341 3386 honorem
1368 3323 1466 3385 illum

293 3526 296 3534 Ι
329 3443 447 3505 adimit
470 3440 652 3524 Sulpicius,
676 3443 738 3505 sed
760 3442 845 3504 belli
868 3449 999 3504 tantum
1012 3450 1131 3504 contra
1146 3440 1390 3502 Mithradatem
1408 3439 1466 3500 ad·

328 3558 609 3621 ministrationem
633 3559 677 3620 ad
700 3557 848 3620 Marium
870 3555 1037 3619 transfert.

373 3674 472 3737 Ptur.
498 3673 583 3738 sall.
609 3696 627 3754 9
652 3683 688 3737 et
722 3696 770 3737 10.
816 3671 916 3737 Sulla
949 3683 1068 3736 contra
1102 3673 1245 3735 uetitum
1279 3679 1416 3733 senatus
1446 3689 1468 3730 a

329 3789 434 3864 Nola,
469 3810 537 3871 quo
567 3789 786 3872 profugerat,
822 3798 934 3852 castra
965 3799 1082 3852 mouet
1113 3781 1148 3851 et
1174 3788 1325 3851 Romam
1348 3805 1467 3848 uersus

328 3906 430 3968 ducit.
465 3905 571 3968 Porta
605 3915 641 3968 et
671 3906 774 3968 muris
805 3905 896 3987 apud
927 3904 1142 3986 Esquilinum
1164 3925 1185 3966 a
1209 3904 1247 3966 L.
1272 3902 1402 3965 Basillo
1432 3910 1467 3963 et

331 4021 367 4086 C.
398 4021 563 4085 Mummio
588 4022 765 4104 occupatis
800 4022 874 4104 ipse
898 4019 997 4085 Sulla
1019 4021 1216 4103 superuenit
1238 4020 1465 4101 incendioque

330 4138 420 4201 uiam
455 4137 520 4201 sibi
554 4135 644 4200 facit.
677 4137 769 4200 Dum
804 4139 891 4201 haec
914 4146 1084 4220 aguntur,
1108 4137 1258 4210 Marius,
1284 4137 1329 4199 ad
1350 4135 1466 4198 fanum

330 4255 478 4318 Telluris
500 4254 713 4336 compulsuS,
736 4274 855 4318 seruos
878 4255 941 4317 sub
965 4254 1159 4317 conditione
1182 4253 1349 4316 libertatis
1362 4253 1466 4314 aduo-

332 4382 403 4446 cat,
427 4372 489 4435 sed
510 4371 622 4434 uictus
634 4373 678 4434 ab
690 4371 854 4446 hostibus,
871 4391 913 4434 eo
929 4371 1207 4452 inrumpentibus,
1227 4371 1312 4432 urbe
1329 4349 1465 4432 excidit

331 4487 479 4551 Proinde
522 4485 620 4551 Sulla
659 4497 778 4550 senatu
809 4495 997 4550 conuocato
1025 4486 1172 4549 Marium
1207 4479 1241 4548 et
1276 4483 1466 4568 Sulpicium
