3284 5272
886 537 927 610 84

335 744 437 806 quarn
457 725 524 786 iam
547 723 739 786 Archelaus
763 743 840 786 cum
864 725 976 786 classe
999 724 1097 805 regia
1120 721 1239 786 Sullae
1263 745 1300 786 se
1324 725 1467 787 tradidit.

381 840 483 902 Hunc
506 840 695 902 dissensum
717 839 883 901 Iordanus
906 859 1042 920 quoque
1066 859 1260 903 memorans
1274 859 1342 902 non
1359 849 1470 902 tamen

336 957 574 1039 grauissimum
598 957 705 1031 ducit,
734 976 832 1032 ,nam
856 955 1000 1037 quanti”,
1016 957 1138 1038 inquit,
1159 956 1359 1038 ,Appianus
1374 957 1470 1019 aesti-

336 1081 406 1134 met
430 1073 703 1155 chronologiam,
727 1073 800 1154 ipse
823 1070 1003 1154 profitetur
1025 1073 1060 1134 in
1082 1072 1258 1153 prooemio
1282 1077 1297 1148 5
1319 1071 1374 1149 13''
1390 1069 1416 1151 ¹).

380 1187 481 1270 Quod
505 1190 549 1250 ad
572 1188 762 1252 socordiam
785 1186 938 1270 Appiani
961 1188 996 1250 in
1021 1189 1124 1250 rebus
1147 1188 1400 1270 chronologicis
1416 1188 1470 1249 ad-

336 1306 429 1381 tinet,
442 1304 621 1368 confestim
637 1306 798 1379 concede,
812 1325 889 1368 eam
900 1325 970 1367 non
985 1305 1096 1367 solum
1108 1325 1155 1366 ex
1169 1305 1242 1366 eius
1254 1303 1471 1386 praefatione,

337 1441 454 1483 uerum
483 1422 586 1484 etiam
610 1442 630 1483 e
653 1421 806 1502 pluribus
835 1421 910 1482 aliis
939 1421 1025 1483 locis
1059 1420 1241 1502 adparere,
1272 1421 1406 1501 quade
1436 1441 1472 1482 re

337 1558 439 1618 supra
461 1538 529 1600 iam
551 1537 657 1600 fusius
680 1538 853 1620 disputaui
869 1538 905 1618 ²),
930 1537 992 1600 sed
1014 1538 1081 1600 hoc
1104 1537 1183 1600 loco
1206 1537 1299 1599 aliud
1314 1537 1396 1618 quid
1412 1545 1471 1600 est.

278 1629 281 1636 ¹
381 1653 493 1717 Credo
517 1673 658 1735 nempe,
673 1652 874 1735 Appianum
897 1653 1050 1716 ordinem
1065 1673 1178 1716 rerum
1193 1661 1288 1717 recte
1304 1673 1471 1726 seruasse,

336 1769 425 1832 Liuii
447 1770 645 1852 periocham
668 1789 858 1852 perperam.

381 1884 606 1948 Mithradates
621 1895 766 1967 accepto
782 1886 890 1949 cladis
902 1884 1151 1949 Chaeronensis
1164 1886 1284 1948 nuntio
1299 1886 1472 1949 iracundia

337 1999 563 2065 inflammatus
591 2002 652 2064 sed
674 2003 824 2064 nondum
847 2003 891 2065 de
915 2003 985 2065 suis
1007 2004 1109 2064 rebus
1133 2003 1472 2084 desperansbellum

337 2120 500 2181 aduersus
523 2117 656 2182 Sullam
676 2137 807 2180 summa
828 2118 864 2180 ui
880 2120 923 2180 de
939 2118 1076 2200 integro
1092 2138 1279 2199 conparare
1302 2118 1337 2180 in
1361 2118 1472 2180 animo

337 2234 458 2309 habet,
482 2236 544 2297 sed
565 2244 660 2298 ratus
682 2254 751 2296 non
774 2232 908 2308 defore,
930 2234 988 2315 qui
1011 2234 1076 2296 sibi
1099 2234 1192 2296 uicto
1215 2233 1271 2296 uel
1301 2253 1390 2297 nunc
1416 2235 1472 2296 uel

337 2359 459 2432 postea
492 2351 630 2413 insidias
664 2350 823 2413 structuri
855 2358 969 2413 essent
998 2349 1197 2431 nullumque
1221 2368 1354 2424 eorum,
1389 2369 1474 2431 quos

338 2474 514 2546 suspectos
537 2467 698 2539 haberet,
721 2465 757 2528 in
778 2463 847 2528 fide
874 2485 1084 2540 mansurum,
1107 2466 1136 2528 si
1159 2463 1258 2528 Sulla
1280 2466 1473 2539 adueniret,

338 2582 571 2645 crudelissime
598 2585 701 2645 urbes
724 2582 831 2645 Asiae
855 2591 976 2657 uexat,
999 2582 1127 2644 insulas
1143 2582 1245 2644 maris
1261 2581 1398 2664 Aegaei
1413 2601 1474 2663 po-

338 2699 489 2780 pulatur,
524 2699 664 2774 multoe,
698 2699 733 2761 in
770 2699 893 2779 quibus
922 2697 1230 2780 Gallograecorum
1272 2699 1473 2772 tetrarchas,

339 2833 416 2877 cum
445 2814 562 2877 liberis
592 2824 627 2876 et
649 2814 811 2876 uxoribus
834 2823 943 2876 necat.
989 2813 1078 2876 Tum
1099 2834 1207 2876 nouas
1230 2814 1362 2895 copiae,
1390 2834 1474 2895 quas

338 2930 468 2991 interea
499 2937 760 3010 conparauerat,
791 2930 826 2990 in
857 2927 1038 2994 Graeciam
1066 2930 1169 2992 mittit
1200 2930 1354 3012 Dorylao
1377 2931 1473 2992 duce.

339 3043 471 3126 Quibus
512 3055 628 3108 tamen
665 3045 709 3106 ad
744 3043 997 3109 Orchemenum
1040 3046 1144 3109 etiam
1177 3045 1369 3128 profligatis
1410 3045 1473 3108 Mi·

338 3161 513 3224 thradates
541 3170 719 3243 reputanS,
754 3171 917 3242 quantam
947 3161 1122 3224 hominum
1156 3161 1406 3224 multitudinem
1429 3162 1474 3222 ab

337 3277 431 3340 initio
466 3278 545 3340 inde
578 3277 664 3340 belli
697 3277 733 3340 in
768 3275 949 3341 Graeciam
985 3277 1133 3342 misisset
1167 3286 1202 3339 et
1240 3297 1341 3358 quarn
1376 3276 1475 3338 breui

338 3402 493 3475 tempore
516 3402 628 3456 tantas
650 3402 790 3475 tamque
822 3394 1000 3457 continuas
1026 3393 1174 3456 iacturas
1196 3391 1349 3467 fecisset,
1376 3392 1474 3455 intel·

338 3509 438 3592 lenit,
463 3510 528 3572 sibi
549 3509 633 3572 nihil
656 3509 749 3572 aliud
772 3529 964 3591 superesse,
980 3509 1043 3572 nisi
1061 3529 1164 3592 quam
1180 3508 1356 3571 celerrime
1372 3507 1475 3571 finem

338 3625 432 3687 hello
455 3626 641 3708 inponeret.
665 3625 717 3708 (cf.
741 3625 824 3688 Are.
847 3623 970 3688 Mz'tlzr.
997 3646 1038 3704 54
1062 3625 1153 3705 init).

321 3746 324 3752 '
383 3741 461 3804 Hoc
485 3761 531 3804 ex
553 3742 627 3824 ipsa
650 3742 699 3804 rei
722 3741 874 3823 sequitur
897 3751 1017 3805 natura
1040 3751 1075 3804 et
1098 3761 1176 3804 cum
1206 3760 1319 3803 rerum
1342 3760 1475 3803 succes-

338 3856 433 3919 sione
456 3858 563 3920 multo
586 3858 698 3940 magis
722 3857 882 3920 conuenit
905 3878 1008 3940 quam
1031 3857 1124 3939 quod
1145 3856 1180 3919 in
1203 3855 1366 3938 periocha
1389 3856 1475 3938 legi-

337 3993 428 4047 muS,
461 3973 704 4036 Mithradatem
730 3975 832 4036 urbes
856 3983 891 4036 et
913 3973 1041 4036 insulas
1072 3973 1137 4035 sibi
1162 3969 1327 4046 infensas,
1352 3969 1472 4034 Sullae

338 4089 443 4171 igitur
473 4089 614 4163 amicas,
648 4109 794 4152 uexasse
827 4102 861 4152 et
892 4090 1095 4170 populatum
1129 4109 1204 4151 esse
1222 4096 1306 4168 post
1329 4087 1475 4149 alteram

387 4459 577 4538 1)ΙοΙι1)ΑΝ.,
600 4483 629 4538 p.
654 4483 701 4536 44.

381 4557 405 4638 ²)
428 4559 471 4618 Cf.
494 4579 626 4636 prooem.
649 4581 678 4637 p.
703 4580 729 4635 7.
