3284 5272
717 555 754 613 91

132 783 220 846 App.
238 789 289 846 oo.
395 783 465 846 L1v.
472 802 543 864 per.
553 781 760 844 LXXXIII.
777 781 932 876 Aucude
943 779 1010 843 uir.
1018 779 1065 843 z'll.
1077 800 1126 859 70.
1187 776 1341 841 Onosll.

67 930 116 1020 „d
144 927 184 997 δὲ
205 925 396 1027 (Φιμβρίας)
481 924 651 999 „Fimbria
686 925 742 986 de·
826 922 997 998 „Fimbria
1010 959 1052 966 —
1069 942 1090 984 a
1158 919 1432 996 „IdemFimbria

24 1045 226 1144 ἐπανῆλθεν
254 1051 287 1125 ἐς
315 1045 397 1144 Πέρ.
432 1050 542 1104 sertus
573 1043 618 1104 ab
646 1061 742 1104 exer·
779 1036 876 1102 Sulla
929 1038 1092 1121 Pergami
1120 1038 1213 1118 apud
1265 1035 1432 1117 Thyatira

27 1193 141 1262 γαμον
184 1168 237 1238 καὶ
279 1170 312 1246 ἐς
359 1170 396 1238 th
433 1157 518 1231 citu,
532 1157 591 1239 qui
610 1158 654 1221 ad
666 1155 743 1221 Sul·
779 1157 941 1218 obsessus
954 1174 1091 1236 corrup-
1120 1173 1198 1216 cum
1214 1154 1259 1215 ab
1278 1153 1432 1215 exercitu

29 1285 296 1385 τοῡἈσκληπωῦ
311 1290 397 1386 ἱερὸν
433 1273 502 1336 lam
544 1274 742 1350 transierat,
779 1281 815 1333 to
843 1271 999 1334 exercitu
1032 1271 1090 1333 de·
1121 1266 1240 1332 Sullae
1260 1269 1432 1331 obsidere-

29 1408 397 1507 παρελθὼνέχρὴσατο
433 1389 506 1470 ipse
528 1410 565 1452 se
577 1391 744 1470 percussit
780 1395 890 1450 sertus
906 1396 1016 1450 semet
1035 1406 1090 1450 oc·
1121 1393 1184 1458 tur,
1193 1385 1432 1466 desperatione

29 1535 75 1599 τῇ)
99 1530 200 1627 ξίφει.
220 1530 258 1599 οὐ
272 1531 397 1627 ruthou
433 1506 685 1588 inpetrauitque
724 1528 745 1570 a
781 1502 890 1566 cidit.’'
1121 1501 1272 1577 adactus,
1287 1501 1322 1562 in
1347 1509 1430 1563 tem-

29 1599 169 1720 δ”αὒτῖυ
188 1657 250 1746 τῆς
263 1651 397 1746 πληγῆς
434 1641 535 1684 seruo
551 1643 627 1694 suo,
647 1643 744 1706 prae·
1121 1617 1180 1697 plo
1230 1617 1432 1698 Aesculapii

150 1721 157 1746 ⁵
433 1739 520 1800 bens
559 1741 744 1814 ceruicem,
1121 1753 1223 1795 manu
1246 1753 1308 1795 sua
1330 1732 1432 1796 inter-

30 1773 218 1866 γενομένης
248 1771 399 1840 ἐκέλευσε
613 1856 619 1869 ·
1318 1848 1332 1873 η

33 1891 87 1958 τὸν
98 1891 207 1961 παῖδα
222 1893 398 1987 ἐπερεῖσαι.
434 1865 471 1917 ut
485 1875 523 1917 ⁵⁶
548 1856 745 1920 ⁰⁰⁰1d0sel·”
1120 1848 1231 1912 seclus
1255 1859 1315 1911 est·

33 2012 49 2078 ὁ
70 2011 106 2080 δὲ
127 2011 184 2080 καὶ
205 2013 262 2081 τὸν
282 2010 399 2080 δεσπό-

35 2155 94 2225 την
118 2132 242 2200 ἔκτεινε
264 2132 316 2201 καὶ
343 2132 399 2201 αὑ-

38 2251 90 2318 τὸν
119 2251 176 2321 ἐπὶ
201 2257 251 2348 rip
283 2251 399 2320 δεσπό-

37 2394 77 2464 τῃ
102 2367 150 2451 ν’

210 2552 412 2615 Ebreuibus
431 2553 707 2616 adnotationibus
724 2555 759 2616 in
777 2555 941 2637 periocha
951 2554 1151 2617 LXXXIII
1163 2565 1197 2617 et
1213 2557 1305 2636 apud

164 2668 308 2730 Eumne.
333 2667 374 2730 V.
402 2689 417 2748 7
450 2669 493 2730 de
516 2669 612 2749 pacis
636 2670 886 2733 conditionibus
916 2671 1000 2734 nihil
1024 2671 1152 2753 conligi
1182 2680 1304 2752 potest.

214 2806 238 2846 1.
263 2784 402 2866 Pugnat
424 2786 677 2866 quodammodo
701 2785 784 2848 APP.
814 2808 850 2864 51
880 2807 958 2850 cum
981 2787 1088 2850 Liui0.
1134 2786 1222 2849 Nam
1245 2807 1305 2868 pe-

163 2899 282 2961 riocha
311 2899 462 2982 itemque
491 2899 632 2963 Orosius
663 2909 698 2963 et
721 2900 855 2964 Auctor
877 2903 921 2964 de
943 2903 1003 2964 uir.
1028 2903 1073 2965 ill.
1119 2901 1305 2964 Fimbriam

165 3014 315 3098 legatum
347 3015 464 3079 Flacci
499 3015 604 3079 fuisse
648 3029 916 3081 commemorant
945 3018 1108 3100 Appiano
1132 3018 1304 3093 tradente,

165 3130 366 3205 Fimbriam,
390 3129 557 3195 hommem
575 3131 773 3219 praeatum,
796 3138 911 3218 sponte
931 3155 996 3196 sua
1020 3135 1197 3197 consulem
1228 3154 1305 3196 esse

165 3247 374 3311 comitatum.

212 3387 240 3427 2.
272 3365 387 3447 Magis
410 3385 492 3428 uero
517 3365 600 3429 Aee.
626 3372 757 3445 54—56
787 3367 942 3430 dissentit
965 3370 1010 3431 ab
1037 3367 1181 3430 Emop.
1209 3367 1251 3430 V.
1278 3388 1304 3447 7.

210 3480 278 3543 Hic
313 3481 403 3544 enim
438 3492 565 3556 narrat,
590 3482 835 3545 Mithradatem
864 3483 979 3547 adlato
1015 3485 1132 3546 nuntio
1166 3483 1304 3564 proelii,

165 3598 258 3677 quod
282 3595 380 3659 Sulla
402 3597 526 3660 iterum
550 3608 669 3661 contra
691 3598 905 3662 Archelaum
928 3599 1153 3662 commisisset
1169 3599 1198 3680 (i.
1215 3619 1243 3660 e.
1262 3599 1306 3659 ad

166 3711 448 3794 Orchomenum),
481 3734 560 3776 cum
591 3711 687 3777 Sulla
716 3716 759 3777 de
782 3735 869 3796 pace
892 3716 951 3797 agi
973 3715 1120 3778 iussisse.
1165 3714 1304 3784 interim
1417 3717 1419 3721 ’

166 3826 264 3891 Sulla
286 3829 483 3904 Dardanos,
507 3827 722 3905 Scordiscos,
747 3832 833 3893 alios
856 3831 1003 3913 subegit.
1050 3829 1183 3912 Quibus
1203 3831 1305 3892 rebus

165 3944 274 4027 gestis
296 3945 405 4027 legati
429 3967 450 4008 a
471 3965 556 4028 rege
579 3948 625 4008 ad
647 3966 769 4027 pacem
792 3948 978 4029 petendam
1004 3948 1154 4009 ueniunt.

211 4060 269 4123 Eis
305 4058 403 4124 Sulla
437 4060 628 4143 respondit,
665 4062 760 4124 nullo
790 4071 893 4143 pacto
925 4083 962 4124 se
985 4081 1108 4143 pacem
1131 4061 1305 4134 daturum,

166 4177 230 4239 nisi
262 4197 326 4240 rex
363 4177 519 4240 omnibus
553 4199 641 4259 quae
676 4188 880 4259 occupasset
914 4178 1042 4241 relictis
1077 4179 1122 4239 ad
1159 4196 1305 4258 regnum

166 4312 264 4354 suum
286 4293 440 4355 redisset.

213 4557 234 4630 ¹)
256 4557 301 4616 Cf.
323 4558 447 4616 STRAno
468 4559 552 4616 XIII.
578 4578 602 4616 1.
628 4579 681 4633 27,
704 4557 751 4616 ed.
774 4560 879 4616 Kram.
902 4557 960 4616 uol.
983 4560 1036 4616 ΠΙ.
1059 4577 1088 4633 p.
1113 4577 1149 4632 23
1172 4577 1214 4633 sq.
