3284 5272
714 529 753 584 93

207 698 278 760 Lrv.
302 719 372 779 per.
396 699 439 761 ll.
463 700 578 761 locum
600 719 668 761 non
692 698 827 761 indicat.

208 813 290 875 Aee.
308 818 350 876 60
372 813 533 896 Pergami
555 815 590 875 in
605 816 735 894 templo
761 813 963 896 Aesculapii
985 815 1171 879 Fimbriam
1195 828 1303 882 semet

161 927 354 993 interficere
378 939 538 994 conatum
562 951 638 994 esse
662 931 752 994 dicit.

208 1047 313 1110 Aucr.
338 1047 378 1108 de
395 1045 462 1110 uz'r.
482 1045 530 1110 z'll.
549 1048 652 1110 etiarn
674 1047 837 1130 Pergami
853 1050 888 1111 id
910 1047 1039 1112 factum
1056 1071 1132 1113 esse
1148 1061 1301 1115 testatur.

208 1161 309 1224 Oros.
333 1163 377 1226 l.l.
413 1163 512 1237 dicit,
535 1163 720 1226 Fimbriam
743 1173 887 1230 mortem
912 1166 977 1228 sibi
1001 1168 1171 1230 conscisse
1188 1169 1303 1251 Thya·

163 1279 250 1341 tirae
273 1279 308 1341 in
331 1280 462 1360 templo
486 1278 695 1360 Aesculapii.

209 1392 360 1458 Strictim
384 1396 522 1470 addam,
538 1395 638 1457 Prur.
655 1393 740 1459 Sull.
760 1416 798 1473 25
817 1379 975 1471 tradere,
991 1396 1177 1460 Fimbriam
1193 1409 1302 1462 morte

161 1510 304 1591 periisse
326 1511 521 1573 uoluntaria
547 1511 581 1572 T
575 1509 730 1594 hyutirae
753 1509 791 1574 r'n
815 1510 945 1575 castris.

209 1647 237 1704 5.
274 1626 427 1689 Tandem
458 1627 580 1689 uulnus
611 1647 679 1689 non
702 1625 806 1690 fuisse
829 1628 949 1703 letale,
973 1647 1078 1708 quare
1102 1630 1259 1692 dominus
1282 1651 1303 1692 a

163 1761 263 1804 seruo
295 1751 334 1804 ut
362 1762 399 1805 se
431 1742 605 1805 occideret
627 1743 866 1823 inpetrauerit‚
901 1744 1024 1806 eodem
1059 1746 1162 1808 modo
1185 1744 1303 1808 Liuius

162 1867 197 1920 et
219 1857 400 1939 Appianus
431 1868 707 1922 commemorant.
754 1859 852 1922 Unus
873 1880 957 1923 uero
982 1859 1162 1940 Appianus
1190 1863 1302 1937 addit,

163 1992 299 2035 seruum
328 1982 399 2034 tum
430 1992 565 2054 quoque
597 1992 634 2034 se
665 1972 777 2053 ipsum
807 1972 1018 2036 interfecisse
1047 1969 1079 2056 (ὁ
1106 1968 1142 2038 δὲ
1168 1969 1220 2038 καὶ
1246 1972 1301 2039 τὸν

164 2086 330 2182 δεσπότην
357 2085 567 2163 interveniri
594 2086 721 2155 αὑτὸν
750 2085 815 2155 ἐπὶ
841 2091 899 2180 rip
928 2085 1152 2184 δεσπότῃ).

206 2207 304 2288 Quae
339 2207 452 2269 omnia
487 2226 541 2268 me
570 2206 714 2285 ducunt,
739 2215 777 2267 ut
799 2206 892 2268 haud
914 2207 989 2268 ueri
1012 2207 1123 2268 simile
1146 2209 1302 2284 arbitrer,

163 2324 246 2387 App.
271 2321 393 2386 ΜιῖΙιν.
419 2328 547 2400 51-63
574 2343 593 2384 e
616 2322 715 2384 Liuio
738 2321 887 2384 fluxisse.

209 2437 431 2504 Conferamus
471 2439 610 2501 tandem
644 2437 726 2500 ΑΡΡ.
766 2435 888 2500 mbr.
926 2444 1058 2515 51—60
1092 2459 1169 2502 cum
1204 2440 1302 2503 Prur.

127 2555 130 2561 ’
166 2555 249 2620 Sull.
277 2575 416 2633 22-«25.

208 2672 329 2755 Agunt
362 2672 499 2753 quidem
531 2671 575 2733 de
605 2671 726 2733 eadem
756 2689 808 2744 re,
836 2689 961 2751 nempe
984 2672 1028 2733 de
1050 2690 1138 2752 pace
1161 2693 1183 2733 a
1205 2670 1303 2736 Sulla

163 2808 240 2851 cum
263 2788 472 2852 Mithradate
496 2787 701 2868 composita,
725 2783 879 2849 sed'iam
902 2786 997 2849 initio
1021 2788 1143 2868 capitis
1168 2809 1207 2849 22
1222 2789 1302 2852 Plu·

163 2904 301 2967 tarchus
323 2905 369 2966 ab
392 2904 554 2985 Appiano
578 2901 700 2966 differt.

208 3020 306 3083 Pnur.
330 3029 461 3092 narrat,
489 3019 685 3092 Metellam‚
709 3017 828 3083 Sullae
850 3039 1012 3094 uxorem,
1042 3019 1157 3083 furtim
1187 3021 1303 3083 Roma

162 3138 283 3200 relicta
313 3157 391 3200 curn
420 3129 602 3199 liberis'in
635 3135 816 3200 Graeciam
846 3136 996 3210 uenisse;
1021 3136 1142 3199 marito
1173 3137 1301 3199 adnun-

164 3253 282 3328 tiasse,
317 3253 457 3315 domum
492 3252 564 3315 eius
594 3260 630 3314 et
651 3252 751 3313 uillas
782 3251 826 3313 ab
857 3250 1000 3313 inimicis
1030 3251 1186 3313 incensas
1210 3271 1302 3326 esse,

165 3379 267 3450 atque
289 3369 339 3432 uti
362 3371 464 3432 rebus
486 3368 683 3431 subueniret
701 3366 897 3429 domesticis
913 3386 1038 3428 orasse.
1062 3367 1150 3429 Turn
1166 3368 1210 3430 ad
1226 3365 1302 3431 Sul-

164 3487 250 3560 lam,
265 3485 432 3548 incertum
451 3484 569 3558 animi,
589 3503 667 3546 curn
682 3502 794 3564 neque
811 3482 959 3563 patriam
977 3481 1161 3544 destituere
1178 3484 1302 3557 uellet,

163 3618 275 3680 neque
299 3599 465 3661 rationem
483 3597 651 3660 inueniret
673 3597 767 3659 bello
790 3595 1032 3659 Mithradatico
1054 3617 1123 3659 non
1146 3596 1302 3660 confecto

165 3716 379 3790 discedendi,
413 3715 595 3778 Deliacum
629 3714 799 3794 quendam
832 3723 1057 3776 mercatorem
1090 3712 1301 3776 Archelaum

165 3833 314 3907 uenisse,
338 3832 395 3914 qui
418 3832 463 3894 ab
486 3831 677 3905 Archela0,
700 3830 798 3912 regio
821 3830 924 3904 duce,
948 3831 1036 3892 tales
1058 3830 1303 3894 renuntiauerit

165 3967 355 4022 sermones,
384 3957 421 4011 ut
450 3948 485 4009 in
511 3949 638 4009 bonam
661 3965 757 4027 spem
781 3943 879 4010 Sulla
902 3947 1069 4009 deductus
1093 3946 1144 4008 sit.
1190 3946 1301 4027 Quam

164 4065 309 4145 primum
332 4084 410 4127 cum
432 4063 507 4144 ipso
530 4062 704 4125 Archelao
728 4061 887 4144 conloqui
903 4062 994 4124 uelle
1006 4081 1043 4124 se
1055 4058 1154 4125 Sulla
1163 4080 1301 4142 respon-

165 4181 222 4243 dit.
252 4181 296 4244 Et
320 4190 550 4243 conuenerunt
573 4180 666 4260 apud
688 4177 829 4240 Delium
851 4197 960 4260 prope
983 4197 1091 4249 mare,
1115 4178 1173 4240 ubi
1190 4177 1301 4259 Apol·

165 4296 242 4358 linis
263 4296 378 4359 fanum
402 4307 463 4358 est.

210 4413 397 4476 Plutarcho
426 4400 531 4494 igitur
561 4419 700 4473 auctore
724 4409 916 4472 Archelaus
939 4429 1001 4471 sua
1023 4418 1144 4489 sponte
1169 4409 1243 4490 agit
1266 4419 1301 4472 et

167 4527 303 4607 quidem
325 4527 441 4591 furtim
465 4519 612 4618 (κρύφα).
