3286 5272
901 505 941 577 3⁶

349 693 453 756 rimus
471 689 507 774 ¹),
531 703 634 774 atque
658 693 701 755 de
725 693 901 774 republica
923 693 1127 775 promeritus
1144 694 1177 763 ²).
1210 691 1297 757 Sunt
1320 693 1410 755 inter
1423 693 1481 754 has

350 810 507 884 uirtutes,
532 830 616 891 quas
639 809 742 872 etiam
765 809 920 872 Velleius
944 810 975 872 ei
998 808 1100 873 fuisse
1114 809 1279 872 concedit.
1326 807 1377 883 Si,
1395 810 1483 890 quod

349 926 441 989 haud
479 927 633 1008 negab0,
668 926 762 988 initio
797 926 1018 1007 optimatibus
1052 925 1192 1001 fauerit,
1227 926 1350 988 deinde
1380 945 1482 1006 popu·

351 1041 494 1116 laribuS,
518 1042 583 1104 hoc
606 1062 674 1104 non
696 1040 793 1115 fecit,
817 1062 893 1105 cum
910 1043 1001 1104 omni
1017 1042 1147 1105 ratione
1163 1052 1296 1105 careret
1314 1041 1484 1104 iudicium·

351 1178 417 1239 que
451 1158 553 1221 animi
583 1178 707 1239 susque
743 1158 854 1240 deque
891 1168 1052 1232 mutaret,
1088 1159 1149 1221 sed
1180 1167 1362 1240 postquam
1386 1156 1485 1219 etiam

350 1283 453 1355 atque
477 1273 580 1336 etiam
603 1283 830 1355 reputauerat,
846 1274 928 1355 quid
944 1294 987 1337 ea
1001 1283 1206 1356 tempestate
1221 1274 1256 1336 in
1271 1273 1484 1336 commodum

349 1389 558 1471 reipublicae
582 1409 787 1471 suorumque
811 1390 936 1452 ciuium
960 1399 1052 1453 esset
1075 1391 1246 1472 agendum
1263 1391 1293 1471 ³).

397 1505 525 1569 Ciuitas
547 1505 723 1580 Romana,
747 1517 825 1587 post
848 1506 978 1569 Punica
1000 1506 1094 1570 bella
1116 1507 1247 1587 quieta,
1261 1506 1411 1568 moribus
1424 1506 1486 1568 dis-

351 1622 469 1684 solutis
493 1620 701 1686 Graecorum
725 1632 760 1685 et
784 1622 997 1685 orientalium
1012 1623 1215 1704 populorum
1231 1622 1391 1704 cognitiS,
1406 1641 1488 1684 mox

352 1738 517 1820 acceptis,
541 1739 605 1802 hac
630 1739 663 1800 in
679 1759 717 1800 re
733 1739 858 1802 sensim
873 1738 1118 1820 paullatimque
1134 1740 1271 1801 modum
1288 1739 1487 1801 excedebat.

351 1855 481 1918 Vitium
509 1865 637 1930 autem,
673 1857 764 1937 quod
794 1857 889 1918 uelut
920 1857 1017 1920 tabes
1048 1857 1231 1938 ingruebat
1253 1855 1424 1938 gradatim
1447 1875 1487 1916 ac

351 1972 487 2034 Romae
524 1973 691 2035 medullas
726 1974 915 2036 adrodebat
952 1983 986 2036 et
1021 1974 1210 2044 exedebat,
1247 1983 1319 2036 erat
1357 1990 1488 2034 morum

352 2089 554 2169 corruptela.
587 2087 743 2170 Ingenua
765 2088 871 2170 igitur
885 2087 970 2151 fides
994 2088 1132 2169 antiqua
1155 2107 1224 2149 non
1247 2087 1392 2168 amplius
1416 2095 1489 2148 erat

351 2203 457 2266 uirtus
481 2203 656 2278 Romana,
680 2205 741 2267 sed
764 2202 907 2285 perfidia
929 2214 964 2267 et
980 2204 1127 2266 ambitus
1142 2203 1262 2265 urbem
1283 2202 1488 2264 introierant.

351 2319 469 2382 Verba
491 2320 678 2401 Iugurthae
702 2321 796 2401 apud
819 2317 1018 2383 Sallustium
1035 2318 1072 2400 4);
1088 2318 1240 2381 Romam
1264 2338 1339 2380 esse
1355 2316 1489 2392 ,urbem

355 2435 528 2510 „uenalem
563 2441 596 2498 ct
628 2441 761 2499 mature
791 2435 984 2519 periturum
1020 2435 1056 2498 sc'
1086 2439 1263 2520 emptorem
1299 2431 1490 2496 luucuccll’

352 2552 573 2614 miserrimum
624 2553 832 2634 reipublicae
879 2562 1005 2615 statum
1037 2554 1140 2634 plane
1172 2552 1344 2614 denotant.
1390 2549 1489 2612 Haec

352 2689 434 2730 uero
461 2669 654 2750 corruptela
684 2669 817 2732 initium
847 2670 966 2732 habuit
989 2670 1033 2731 ab
1061 2668 1289 2749 optimatibus
1336 2665 1490 2747 Optima-

398 2930 418 3009 ¹)
440 2932 504 2990 Cre.
528 2933 618 2990 Brut.
641 2934 748 2992 XLIX.
767 2934 822 2992 182
835 2943 864 2992 et
879 2935 950 3010 183:
974 2932 1113 3010 „Eisdem
1124 2934 1184 2994 lere
1196 2931 1380 3011 temporibus
1392 2941 1491 2991 aetate

353 3029 522 3105 „inlenores
543 3032 643 3108 paullo
665 3050 755 3108 quam
777 3031 884 3104 Iulius,
907 3033 959 3092 sed
980 3034 1118 3110 aequales
1140 3033 1360 3110 propemodum
1370 3032 1491 3092 fuerunt

354 3131 408 3207 „C.
428 3130 534 3204 Cotta,
555 3133 596 3190 P.
621 3131 788 3206 Sulpicius,
812 3132 849 3206 Q.
871 3132 995 3206 Varius,
1018 3133 1073 3192 Cn.
1095 3132 1294 3210 Pomponius,
1324 3132 1358 3191 C.
1380 3130 1490 3205 Curio,

354 3234 407 3306 „L.
437 3231 551 3302 Fufius,
584 3232 627 3288 M.
659 3232 791 3304 DrusuS,
824 3233 856 3288 P.
889 3230 1053 3306 Antistius,
1085 3251 1141 3292 nec
1173 3233 1232 3291 ulla
1251 3241 1349 3291 aetate
1370 3230 1491 3291 uberior

353 3338 526 3405 „oratorum
546 3329 621 3388 setus
642 3329 705 3389 fuit.
728 3331 773 3388 Ex
796 3329 841 3388 his
862 3331 953 3390 Cotta
974 3341 1004 3390 et
1028 3331 1178 3406 Sulpicius
1199 3351 1269 3389 cum
1285 3348 1352 3389 meo
1362 3327 1490 3396 iudicio.

354 3449 442 3505 „cum
464 3427 597 3488 omnium
619 3428 703 3488 facile
719 3432 842 3504 primus
862 3430 1022 3488 tulerunt.'’

394 3527 438 3587 Id.
460 3530 551 3587 Brut.
574 3529 637 3586 LV.
662 3548 728 3605 ²03·
752 3527 839 3604 „Fuit
860 3527 939 3588 enirn
962 3518 1112 3604 Sulpicius
1132 3530 1180 3589 uel
1202 3529 1329 3588 maxime
1339 3528 1491 3602 omnium,

354 3646 449 3704 „quos
479 3626 599 3704 quidem
631 3647 687 3705 ego
708 3627 889 3702 audiuerim,
920 3628 1040 3706 grandis
1061 3639 1091 3688 et
1113 3639 1146 3686 ut
1171 3628 1213 3688 ita
1240 3627 1340 3688 dicam
1361 3626 1492 3705 tragicus

353 3735 484 3802 „oraton
515 3728 583 3785 Vox
614 3747 683 3785 cum
715 3745 843 3804 magna,
876 3737 939 3785 tum
961 3725 1060 3786 suauis
1092 3737 1122 3786 et
1143 3726 1299 3805 splendida
1306 3749 1313 3801 ;
1340 3737 1437 3805 gestus
1459 3736 1489 3785 et

353 3835 472 3902 „motus
492 3829 626 3902 corporis
646 3825 688 3884 ita
708 3835 866 3898 uenustus,
888 3836 920 3884 ut
942 3836 1041 3886 tamen
1064 3827 1104 3886 ad
1124 3827 1231 3900 forum,
1242 3845 1304 3886 non
1315 3826 1354 3886 ad
1368 3845 1489 3884 scenam

354 3923 522 3998 „institutus
552 3923 718 3998 uideretur;
749 3923 873 3984 incitata
903 3944 958 3984 nec
990 3923 1142 3999 uolubilis,
1172 3945 1228 3984 nec
1255 3945 1292 3985 ea
1319 3925 1490 3985 redundans

354 4033 474 4098 „tamen
494 4042 550 4082 nec
571 4022 777 4082 circumfluens
796 4023 921 4083 oratio.''

395 4122 420 4202 ²)
441 4126 570 4202 legatus
597 4123 692 4182 suerat
722 4124 777 4183 Cn.
803 4122 927 4201 Pompei
955 4123 1107 4184 Strabonis
1127 4124 1158 4182 in
1178 4125 1256 4184 bello
1277 4123 1378 4184 sociali
1408 4124 1489 4184 haud

353 4223 441 4283 laude
461 4222 609 4301 indignus.
632 4224 688 4282 Cff.
710 4223 777 4282 Cre.
801 4224 892 4281 Brul.
905 4225 1071 4282 LXXXIX.
1085 4244 1153 4300 304.
1167 4260 1204 4266 --
1216 4225 1293 4283 ΑΡΡ.
1304 4226 1344 4282 B.
1361 4225 1393 4284 C.
1405 4225 1428 4281 I.
1441 4243 1490 4296 47.

397 4320 421 4404 ³)
441 4325 529 4396 Lnu,
552 4323 648 4394 Sulla,
673 4342 702 4399 p.
729 4324 794 4396 187.
809 4358 844 4366 -
867 4324 1045 4395 Mouusuu,
1068 4325 1106 4381 R.
1131 4323 1189 4396 G.‚
1211 4324 1263 4381 VI.
1281 4323 1361 4382 Aufl.
1383 4324 1489 4398 1874,

354 4422 391 4479 ΙΙ.
414 4442 442 4498 p.
467 4438 533 4498 250.

396 4518 421 4600 ⁴)
443 4519 531 4578 Sum.
553 4521 621 4594 lug.
644 4538 691 4598 35.
