3286 5272
701 509 736 550 21

131 683 305 764 datisque
330 684 427 746 donis
458 684 705 765 repudiauerat.
741 681 865 744 Paucis
888 701 970 743 uero
986 691 1065 763 post
1081 682 1201 744 diebus
1217 682 1289 744 Me-

131 799 263 862 tellam
289 799 397 862 duxit.

177 915 387 998 Relliquias
419 915 503 977 belli
527 914 663 978 socialis
694 911 792 977 Sulla
820 913 1019 976 conficiente
1043 913 1173 976 Marius
1197 914 1290 976 domi

128 1030 349 1094 seditionem
394 1030 561 1108 concitat,
610 1049 699 1112 quae
733 1029 858 1092 multas
895 1030 1032 1092 Romae
1077 1029 1290 1092 calamitates

128 1146 263 1210 intulit.
314 1145 498 1210 Contendit
534 1146 626 1208 enim
662 1166 740 1208 cum
772 1143 870 1208 Sulla
904 1147 947 1208 de
971 1146 1114 1228 imperio
1137 1145 1172 1207 in
1194 1145 1311 1237 bello¹

130 1261 403 1326 Mithradatico

179 1378 378 1461 Complura
415 1389 573 1461 portenta
610 1387 646 1441 et
683 1378 847 1441 miracula
886 1398 1029 1460 magnas
1067 1377 1289 1459 praesagiunt

131 1495 312 1558 miserias:
347 1495 437 1578 ignis
470 1515 501 1558 u.
526 1516 553 1558 c.
577 1503 699 1576 sponte
722 1515 784 1557 sua
807 1515 826 1556 e
851 1495 959 1557 contis
986 1493 1139 1568 emicuit,
1166 1493 1288 1574 quibus

133 1610 242 1694 signa
266 1611 467 1675 ferebantur
489 1610 663 1684 militaria;
686 1630 800 1672 mures
823 1610 858 1672 in
877 1609 1009 1690 templo
1021 1630 1157 1672 sacrum
1169 1628 1289 1672 aurum

133 1737 385 1802 conrosenmt,
410 1747 512 1790 unam
537 1726 664 1790 aeditui
687 1725 812 1808 laqueo
837 1736 1017 1808 ceperunt,
1038 1746 1148 1807 eaque
1164 1726 1288 1808 laqueo

134 1844 332 1907 etiamnum
368 1845 509 1907 detenta
542 1844 690 1926 quinque
725 1843 898 1906 musculos
934 1843 1036 1905 enixa
1066 1852 1138 1906 tres
1164 1843 1208 1905 de
1240 1842 1289 1905 eis

132 1961 288 2024 uorauit.
334 1959 441 2024 Coelo
478 1980 600 2023 sereno
643 1968 746 2023 acuta
780 1961 885 2022 tubae
919 1979 991 2022 uox
1013 1959 1176 2021 exaudita
1210 1957 1288 2033 fuit,

134 2077 236 2139 cuius
262 2077 309 2140 ad
331 2077 604 2159 magnitudinem
627 2097 745 2138 omnes
768 2076 939 2157 perterriti
962 2076 1221 2156 obstupuerunt.

181 2189 272 2253 APP.
297 2191 339 2253 B.
366 2190 400 2254 C.
424 2190 450 2252 Ι.
475 2210 605 2268 34-53
630 2190 679 2253 ita
701 2190 833 2271 incipit:
859 2187 902 2277 „d
934 2185 1143 2278 συμμαχικὸς
1174 2180 1288 2252 καλαύ-

28 2381 31 2388 ,
137 2329 242 2395 μενος
270 2303 416 2396 πόλεμος
443 2305 639 2398 ἐπιγίγνεται
658 2302 765 2373 ἐθνῶν
794 2303 858 2374 ἀνὰ
882 2305 943 2399 τὴν
972 2301 1111 2374 Ἰταλίαν
1130 2303 1284 2386 πολλῶν,

138 2423 331 2521 ἀρξάμενός
369 2448 405 2493 τε
440 2422 636 2520 παραδόξως
675 2423 728 2492 καὶ
756 2421 889 2520 ἀθρόως
917 2423 970 2493 ἐπὶ
998 2425 1083 2517 μέγα
1110 2421 1286 2520 προελθὼν

135 2545 191 2615 καὶ
226 2545 289 2623 τὰς
324 2543 436 2625 <donc
468 2545 502 2614 ἐν
541 2542 654 2639 Ρὼμῃ
690 2543 815 2642 σβέσας
850 2545 912 2614 ὑπὸ
947 2544 1040 2622 δέους
1081 2544 1134 2613 ἐπὶ
1170 2541 1286 2614 πολύ.”

137 2670 231 2734 Tum
247 2691 415 2754 pergens:
434 2663 582 2761 7,ἤρξατο
611 2664 647 2734 δὲ
675 2661 760 2733 dt?
783 2679 914 2744 narrat,
945 2672 1116 2751 quomodo
1144 2669 1191 2732 M.
1207 2669 1287 2732 Ful-

138 2785 215 2848 uius
251 2783 414 2859 Flaccus,
452 2785 598 2866 primurn
632 2784 767 2858 consul,
807 2784 930 2846 deinde
964 2784 1135 2858 tribunuS,
1159 2784 1287 2865 primus

138 2887 304 2964 omnium
318 2901 446 2964 Italicis
476 2901 577 2964 sociis
601 2901 794 2982 cupidinem
817 2900 971 2963 iniecerit
994 2901 1176 2962 Romanae
1206 2899 1286 2962 ciui-

140 3018 239 3093 tatis,
263 3017 299 3078 in
321 3016 474 3080 fauorem
499 3037 617 3080 eorum
641 3019 685 3079 ad
708 3026 864 3081 senatum
887 3015 1054 3094 referem,
1079 3016 1164 3078 alias
1187 3017 1286 3099 leges

140 3134 203 3195 sed
229 3134 274 3196 ad
299 3134 444 3195 eandem
466 3153 540 3195 rem
562 3133 772 3214 pertinentes
797 3131 832 3196 C.
857 3131 1031 3206 Gracch0,
1048 3130 1197 3213 conlega
1213 3131 1285 3193 eius

140 3247 176 3309 in
199 3249 393 3323 tribunatu,
414 3245 674 3332 promulgante,
698 3249 821 3331 quibus
835 3249 943 3311 caesis
961 3268 1030 3329 quo
1049 3256 1153 3328 pacto
1168 3247 1285 3310 Liuius

142 3361 294 3437 Drusus,
319 3364 472 3427 tribunus
495 3365 622 3446 plebis
645 3365 698 3427 uir
720 3383 850 3446 genere
862 3363 1002 3437 nobilis,
1015 3362 1115 3425 sociis
1127 3361 1284 3444 flagitan-

143 3479 252 3554 tibus,
277 3480 383 3563 legem
407 3480 447 3542 de
463 3478 600 3544 czicz'tate
624 3478 673 3544 ez's
695 3479 808 3542 danda
831 3500 947 3542 rursus
968 3477 1189 3561 promulgare
1212 3479 1286 3561 pol-

143 3593 271 3672 licituS,
307 3597 515 3660 senatorium
544 3605 579 3659 et
611 3606 804 3679 equestrem
835 3596 1009 3670 ordinem,
1032 3606 1113 3659 tunc
1136 3595 1285 3659 maxime

143 3721 285 3794 propter
318 3712 443 3776 iudicia
477 3713 700 3788 dissidenteS,
732 3712 850 3794 aequis
874 3710 1124 3776 conditionibus
1139 3711 1285 3774 inuicem

144 3828 326 3892 conciliare
339 3837 481 3892 conatus
492 3829 544 3891 sit
560 3828 695 3892 Deinde
711 3829 834 3902 tradit,
851 3828 963 3891 socios
974 3827 1128 3902 Italicos,
1140 3847 1284 3908 quorum

144 3940 178 4003 in
201 3944 347 4025 gratiam
370 3944 583 4024 potissimum
606 3943 782 4006 moliretur
804 3943 975 4018 tribunus,
999 3944 1125 4026 alege
1148 3943 1188 4006 de
1204 3943 1284 4006 colo-

146 4056 215 4120 m'z's
237 4057 440 4122 deducendis
456 4055 493 4140 1),
511 4059 638 4141 quippe
659 4079 835 4141 perquam
848 4059 998 4122 futurum
1014 4068 1105 4122 esset
1127 4068 1165 4122 ut
1180 4061 1284 4141 proti·

145 4192 207 4235 nus
229 4175 312 4256 ipsis
328 4194 413 4257 ager
436 4175 625 4258 eriperetur
646 4174 821 4256 publicus,
849 4175 913 4238 sibi
936 4175 1104 4249 timuisse,
1129 4184 1285 4238 senatum

147 4307 222 4352 eum
245 4290 415 4371 equitibus
436 4291 472 4353 in
494 4290 599 4354 Drusi
622 4290 738 4354 odium
761 4292 983 4374 conspirasse,
1007 4291 1157 4354 Drusum
1169 4300 1284 4354 autem

192 4501 456 4582 iOEDDQ
