3284 5272
888 429 1067 555 98*

340 679 378 731 ut
399 667 477 731 huic
509 678 711 750 argumento
740 666 844 732 fidem
866 670 995 732 habere
1017 669 1194 750 possimus,
1241 668 1317 752 Ego
1341 689 1472 750 quoque

340 805 501 868 magnam
524 783 627 848 Vitae
658 782 776 848 Sullae
799 794 932 866 partem
957 805 976 848 e
999 785 1098 848 Liuio
1122 805 1279 847 manasse
1307 786 1472 866 suspicor,

340 920 533 982 quanquam
557 901 641 963 alias
666 902 711 964 ob
736 900 880 964 causas”.
916 899 1112 983 Sequuntur
1135 921 1198 964 eae
1222 920 1365 975 causae,
1389 921 1473 983 quae

340 1017 422 1079 mihi
456 1017 548 1079 haud
582 1017 692 1078 minus
726 1037 828 1098 quam
858 1036 981 1080 causae
1004 1016 1143 1079 Klebsii
1166 1037 1303 1098 prorsus
1326 1016 1472 1078 incertae

338 1133 504 1195 uidentur.
549 1132 603 1196 Ita
626 1132 716 1195 enim
738 1131 828 1216 Lely
850 1132 1090 1196 ratiocinatur:
1114 1132 1231 1196 Liuius
1250 1132 1472 1196 uehementis-

340 1249 425 1312 sime
449 1249 558 1332 carpit
581 1249 817 1312 crudelitatem
834 1229 969 1324 Sullae,
990 1251 1083 1331 quod
1098 1249 1205 1330 liquet
1221 1254 1241 1311 e
1257 1249 1379 1311 laceris
1389 1247 1473 1310 Liuii

338 1364 540 1448 fragmentis
570 1362 669 1440 (Vnt.
700 1365 791 1428 Max.
822 1365 893 1440 VI,
918 1373 957 1444 η’,
982 1388 1018 1444 4;
1043 1365 1117 1438 VI,
1143 1371 1183 1440 8,
1209 1386 1247 1440 2;
1271 1365 1346 1439 IX,
1376 1387 1410 1439 1,
1436 1384 1472 1441 5;

339 1482 414 1557 IX,
439 1499 479 1556 2,
501 1503 525 1545 1.
543 1518 585 1528 -
606 1480 707 1545 ORos.
723 1481 791 1557 VI,
811 1481 866 1562 2.);
887 1482 1090 1545 Plutarchus
1118 1502 1198 1562 „per
1221 1490 1329 1544 totam
1344 1480 1472 1543 Vitam''

339 1592 449 1680 (Lely‚
473 1618 505 1679 p.
534 1597 583 1678 13)
606 1598 720 1679 inique
740 1599 784 1660 de
808 1595 907 1662 Sulla
923 1598 1069 1661 iudicat:
1096 1617 1180 1680 ergo
1203 1598 1310 1659 multa
1333 1617 1354 1658 e
1377 1596 1471 1658 Liuio

338 1713 373 1774 in
395 1712 513 1775 Vitam
537 1711 655 1777 Sullae
678 1723 865 1777 manarunt.

384 1829 470 1892 Mihi
493 1839 626 1903 contra,
649 1831 738 1892 hanc
761 1830 865 1892 uitam
889 1830 1247 1912 perlegenti,semper
1257 1827 1365 1891 ferme
1380 1826 1473 1892 Sulla

338 1946 521 2009 uidebatur
544 1967 565 2008 a
587 1946 773 2010 Plutarcho
795 1967 1006 2029 magnopere
1030 1927 1180 2020 laudari,
1204 1945 1334 2008 Marius
1350 1935 1386 2007 et
1401 1941 1473 2007 Sul·

338 2063 449 2145 picius
472 2062 666 2144 uituperari.
712 2061 824 2144 Quam
857 2063 1060 2126 sententiam
1091 2062 1267 2125 inlustraui
1285 2080 1318 2142 p.
1348 2082 1402 2135 12,
1423 2079 1474 2139 17,

345 2185 404 2254 18,
430 2200 494 2254 20,
522 2198 583 2257 ²5,
608 2200 761 2258 ιι-ιιι,
786 2184 848 2258 87,
874 2201 925 2258 οι·

385 2294 571 2357 Praeterea
590 2294 630 2356 cf.
655 2294 753 2356 Puur.
766 2291 1035 2378 conparationem
1048 2290 1226 2377 Lysandri
1235 2311 1310 2354 cnm
1325 2289 1438 2364 Sulla,
1455 2313 1473 2368 4

340 2407 410 2470 init.
426 2407 596 2488 (laudatur
611 2405 730 2471 Sullae
746 2407 875 2469 bellica
890 2401 1027 2492 uirtus):
1046 2397 1233 2494 „Holenam
1249 2398 1285 2470 δὲ
1302 2399 1408 2492 ἀγῶσι
1425 2396 1475 2466 καί

342 2527 552 2616 ςρατηγικαῖς
576 2518 715 2618 πράξεσι
745 2519 797 2589 καλ
823 2517 947 2616 πλήθει
973 2520 1140 2616 τροπαίων
1170 2519 1222 2589 καί
1258 2515 1391 2611 μεγέθει
1417 2542 1475 2586 κιν-

343 2638 447 2710 δύνων
482 2637 732 2738 ἀσύγκριτος
766 2641 783 2709 ὁ
824 2636 982 2716 Σύλλας”.
1027 2646 1113 2708 Ibid.
1144 2647 1247 2708 med.:
1278 2637 1408 2734 „ariniara
1441 2636 1477 2706 δὲ

341 2761 403 2856 τὴν
431 2757 560 2856 Ρῶμην
588 2759 633 2838 δίς
660 2760 732 2830 εἷλε
753 2759 805 2829 καί
826 2760 882 2829 τὸν
906 2756 1046 2856 Πειραιᾶ
1065 2763 1131 2827 τῶν
1155 2753 1311 2854 Ἀθηνῶν
1332 2757 1370 2827 ού
1390 2757 1477 2853 λιμῖρ

342 2877 493 2977 καθάπερ
513 2877 722 2978 Λύσανδρος,
738 2878 824 2952 ἀλλὰ
841 2878 1013 2956 πολλοῖς
1032 2879 1164 2972 ἀγῶσι
1184 2878 1254 2947 καί
1276 2876 1478 2972 μεγάλοις

341 2997 533 3096 κατέσχεν”.
586 3006 671 3068 Ibid.
696 3015 797 3068 extr:
823 3005 913 3094 ,τῶν
936 2998 972 3068 δὲ
986 2999 1072 3095 Δπρος
1091 2995 1219 3068 Σύλλαν
1242 2998 1477 3095 ἀνταραμένων

343 3120 510 3216 δυναςῶν,
538 3118 691 3214 ὑπάτων,
714 3126 909 3216 ςρατηγῶν,
934 3118 1167 3214 δημαγωγῶν,
1187 3117 1238 3188 ίνα
1261 3116 1337 3196 τούς
1360 3115 1478 3196 ἄλλους

343 3240 455 3336 ἐάσω,
476 3241 523 3319 τίς
545 3240 587 3336 ἦν
602 3237 770 3332 Ρωμαίων
797 3233 928 3336 Μαρίου
956 3235 1187 3337 φοβερώτερος
1212 3239 1236 3334 ἦ
1262 3233 1478 3335 Μιθραδάτου

343 3361 506 3461 βασιλέων
541 3358 765 3456 δυνατώτερος
800 3358 824 3455 ἥ
857 3357 1062 3451 Λαμπωνίου
1101 3358 1155 3427 καί
1194 3353 1367 3428 Τελεσίνου
1411 3363 1479 3427 τῶν

342 3479 505 3552 Ἰταλικῶν
522 3478 773 3577 μαχιμώτερος,
794 3479 840 3547 ῶν
860 3479 979 3556 ἐκεῖνος
997 3478 1065 3547 τον
1094 3477 1170 3570 μὲν
1192 3476 1387 3577 ἐξέβαλε,
1407 3479 1478 3548 τον

343 3601 388 3672 δὲ
415 3600 616 3685 ὑπέταξε,
644 3598 744 3678 τούς
771 3598 813 3669 δὲ
844 3594 1107 3669 ἀπέκτεινε”.

387 3720 435 3784 Id.
460 3741 476 3799 5
502 3721 572 3784 init.
603 3720 771 3803 (laudibus
803 3719 1019 3782 celebrantur
1050 3717 1124 3779 eius
1155 3713 1318 3780 fortitudo
1342 3737 1383 3780 ac
1405 3689 1481 3798 per·

344 3843 536 3905 seuerantia
565 3843 600 3904 in
633 3841 746 3904 arduis
777 3839 906 3920 rebusl:
933 3833 994 3927 „zo
1023 3832 1059 3903 δὲ
1084 3830 1250 3902 πάντων
1279 3834 1479 3927 μέγιςον,

344 3964 391 4042 ῶς
411 3963 478 4058 ἐγὼ
499 3963 644 4056 νομίζω,
673 3969 738 4032 τῶν
766 3963 950 4059 εἰρημένων
979 3961 1082 4032 ἐκεῖνό
1100 3963 1185 4046 ἐςιν,
1214 3959 1262 4034 ὅτι
1290 3960 1482 4060 Λύσανδρος

345 4092 404 4186 μὲν
430 4090 605 4190 κατώρθου
631 4090 741 4161 πάντα
765 4097 832 4161 τῶν
858 4091 937 4161 οἴκοι
957 4092 1281 4187 συναγωνιζομένων,
1297 4089 1425 4170 Σύλλας
1446 4091 1482 4161 δὲ

345 4219 478 4316 φυγὰς
505 4220 557 4288 ῶν
584 4220 637 4290 καί
663 4221 1051 4313 κατεςασιασμένος
1074 4219 1137 4289 tab
1163 4226 1229 4289 τῶν
1246 4218 1392 4318 ἐχθρῶν,
1408 4216 1482 4289 καθ’

346 4346 743 4447 ὃνχρύνονηλαύνετο
767 4347 826 4441 μὲν
847 4348 948 4418 αὐτοῦ
971 4348 1093 4445 γυνὴ,
1112 4348 1423 4419 κατεσκάπτετο
1446 4347 1483 4417 δὲ

345 4479 471 4563 οἰκία,
503 4477 624 4573 φίλοι
648 4477 685 4549 δὲ
712 4475 1006 4574 ἀπέθνησκον,
1034 4477 1162 4556 αύτλς
1189 4480 1222 4548 ἐν
1242 4475 1386 4572 Βοιωτίᾳ
1412 4483 1482 4554 ταῖς
