3284 5272
699 539 756 597 1¹5

155 715 240 798 eligi
264 724 468 776 consuerant
502 733 598 796 reges
626 723 676 788 et,
704 714 839 795 quoties
867 731 986 775 eorum
1013 713 1135 794 aliquis
1159 712 1294 784 obibat,

153 840 330 893 senatores
353 830 411 892 alii
434 839 513 911 post
542 830 629 893 alios
652 830 773 892 diebus
804 829 914 911 quinis
937 827 986 890 rei
1013 828 1173 909 publicae
1196 848 1293 909 prae-

154 957 267 1022 erant,
303 948 412 1009 donec
451 946 618 1028 quispiam
650 947 863 1019 succederet,
897 944 951 1007 cui
990 943 1154 1026 suffragia
1175 944 1295 1025 populi

154 1060 328 1125 fauissent.
353 1061 657 1143 Adpellitabantur
679 1070 794 1123 autem
817 1059 1037 1142 magistratus
1060 1059 1127 1134 illi,
1151 1077 1295 1140 quorum

153 1178 332 1259 imperium
354 1177 494 1259 quinum
517 1178 649 1241 dierum
672 1177 784 1258 spatio
800 1175 990 1250 finiebatur,
1007 1173 1203 1258 interreges.
1228 1173 1295 1255 Qui

153 1314 227 1356 mos
245 1294 427 1377 interregis
443 1295 580 1357 creandi
597 1294 858 1356 continuabatur
870 1293 1010 1356 ciuitate
1028 1293 1061 1355 in
1073 1293 1123 1368 rei
1135 1292 1294 1374 publicae

151 1408 297 1472 formam
331 1418 478 1484 mutata,
510 1411 559 1472 ita
592 1420 647 1484 ut,
672 1410 700 1472 si
727 1430 796 1492 quo
831 1430 912 1472 casu
935 1410 1095 1471 deessent
1121 1409 1293 1482 consules

153 1527 366 1590 comitiorum
398 1527 633 1589 habendorum
661 1547 764 1589 causa
787 1535 960 1589 crearetur
982 1525 1135 1588 interrex
1152 1520 1182 1605 1).
1227 1522 1294 1585 Illo

152 1652 268 1705 autern
295 1652 450 1723 tempore
480 1644 622 1706 deerant
648 1643 821 1716 consules,
853 1661 932 1703 nam
965 1639 1078 1704 Carbo
1108 1650 1142 1703 et
1166 1638 1294 1701 Marius

150 1758 223 1820 uita
257 1759 492 1832 decesserant,
522 1759 581 1821 ille
616 1759 650 1820 in
686 1755 817 1833 Sicilia,
852 1757 923 1846 hic¹
941 1756 1138 1819 Praeneste.
1179 1753 1294 1836 Quare

152 1872 266 1947 Sulla,
301 1884 339 1938 ut
373 1875 533 1957 antiquae
566 1874 696 1938 formae
735 1884 928 1938 seruaretur
964 1874 1098 1955 imag0,
1137 1881 1294 1935 senatum

150 1990 248 2053 iussit
270 1991 477 2074 interregem
501 2011 633 2066 creare,
657 2001 692 2054 et
716 2001 851 2054 creatus
874 1999 926 2053 est
949 1988 1110 2052 Valerius
1132 1987 1293 2062 FlaccuS‚

151 2107 207 2168 cui
230 2104 329 2169 Sulla
352 2107 486 2188 scripsit
518 2105 679 2182 „referret
702 2107 747 2170 ad
768 2107 947 2189 populum,
971 2103 1104 2170 Sullam
1127 2102 1200 2166 fore
1221 2125 1241 2166 e
1256 2123 1293 2165 re

150 2222 290 2302 publica
321 2223 533 2296 existimare,
566 2224 595 2286 si
629 2224 663 2286 in
695 2222 889 2305 praesentia
924 2222 1094 2284 diceretur
1123 2219 1294 2283 dictator?⁴

152 2334 298 2400 Addidit
331 2358 429 2412 uero,
464 2339 559 2401 illum
595 2339 797 2402 dictatorem
827 2358 895 2400 non
931 2338 1112 2401 dicendum
1144 2357 1219 2399 esse
1249 2337 1294 2397 ad

151 2452 329 2518 definitum
359 2455 497 2537 aliquod
530 2466 681 2537 tempu5‚
714 2457 775 2518 sed
798 2475 906 2537 usque
930 2456 1039 2518 donec
1063 2455 1192 2528 omnia,
1216 2473 1293 2516 curn

150 2589 207 2632 res
229 2572 393 2646 urbanas,
419 2580 491 2634 tum
513 2570 667 2646 Italicas,
692 2572 926 2634 ordinauisset.

196 2685 329 2768 Quibus
351 2689 472 2751 litteris
494 2689 645 2752 recitatis
668 2685 703 2752 S.
725 2688 764 2752 P.
781 2686 821 2769 Q.
838 2689 883 2751 R.
913 2685 1046 2751 Sullam
1069 2688 1104 2749 in
1127 2697 1291 2769 quantum

152 2800 315 2881 temporis
339 2802 486 2882 spatium
505 2802 569 2884 ipsi
587 2803 743 2898 libuisset
765 2801 851 2864 dixit
873 2793 1032 2892 τύραννον
1053 2792 1290 2892 αὐτοκράτορα.

153 2910 245 2975 Olim
268 2913 359 2976 enim
381 2915 551 2978 dictatura
572 2907 684 2978 fuerat
706 2917 805 2998 regia
827 2924 997 2997 potestas
1025 2925 1060 2978 at
1086 2915 1185 2977 breui
1207 2924 1291 2977 tern-

151 3047 235 3109 pore
252 3029 513 3112 circumseripta.
539 3029 629 3112 Quia
644 3041 760 3094 tamen
776 3053 865 3095 nunc
878 3031 1012 3096 termini
1023 3029 1161 3094 fuerunt
1176 3031 1290 3104 amoti,

153 3137 251 3203 Sulla
282 3152 356 3206 erat
382 3163 463 3206 nere
489 3163 567 3218 rex,
595 3141 730 3207 nomine
754 3144 909 3208 dictator.
957 3137 1117 3232 „rootlvde
1148 3133 1290 3231 μέντοι”,

152 3259 235 3322 dicit
249 3258 342 3342 App.
360 3283 401 3341 99
414 3262 511 3337 med.
537 3254 766 3354 „npoce'deouv
787 3259 820 3336 ἐς
839 3257 1036 3355 εὐπρέπειαν
1054 3263 1112 3327 τοῦ
1129 3257 1290 3354 ρήματος,

152 3371 201 3443 ὅτι
218 3373 318 3444 αὐτὸν
346 3378 487 3472 αἱροῖντο
509 3376 682 3476 δικτάτορα
704 3378 758 3447 ἐπὶ
783 3375 877 3448 θέσει
907 3378 1018 3471 νόμιον
1046 3378 1093 3446 ὧν
1112 3376 1211 3455 αὐτὸς
1238 3375 1291 3472 ἐφ’

152 3497 270 3565 ἑαυτοῦ
298 3495 502 3592 δοκιμάσειε,
534 3498 587 3567 καὶ
613 3496 851 3578 καταςάσει
882 3505 964 3594 τῆς
989 3494 1235 3576 πολιτείας”
1258 3496 1290 3577 ²)·

196 3615 248 3679 Ita
271 3617 438 3680 dictatura
454 3618 578 3681 abhinc
594 3620 708 3681 multis
727 3619 823 3681 annis
839 3619 1044 3694 intermissa,
1061 3619 1143 3682 licet
1159 3628 1289 3682 mutata

150 3728 273 3801 forma,
298 3751 318 3793 a
342 3729 439 3794 Sulla
462 3743 624 3796 reuocata
648 3744 700 3797 est
717 3733 738 3814 3)
762 3734 926 3816 (87—99).

198 4016 219 4099 ¹)
241 4019 287 4078 Cl.
318 4023 383 4079 Ltv.
412 4022 442 4094 Ι,
474 4037 526 4097 17,
548 4021 595 4080 ed.
624 4020 833 4081 Weissenborn
859 4020 918 4100 (ed.
941 4023 1008 4080 VH.
1038 4022 1080 4080 H.
1101 4023 1127 4097 J.
1150 4020 1289 4102 Mffller),

152 4117 368 4177 Berl.Weidm.
387 4121 479 4196 1879,
501 4119 540 4179 1¹.
563 4141 592 4196 p.
615 4140 670 4197 129
695 4140 759 4197 sqq.
780 4119 881 4197 ibique
902 4120 971 4179 adn.
993 4120 1033 4179 ad
1054 4139 1081 4179 c.
1097 4128 1167 4196 17,§
1180 4137 1288 4196 5-11.

193 4216 219 4297 ²)
241 4217 286 4277 Cf.
307 4220 490 4290 Mommsen,
515 4222 548 4280 C.
571 4220 596 4279 I.
618 4222 665 4294 L„
687 4222 711 4292 Ι,
733 4241 762 4297 p.
786 4239 862 4296 439:
884 4220 1012 4278 a.Varr.
1030 4221 1237 4294 672--82a
1254 4217 1288 4278 C.

151 4317 185 4374 L.
213 4316 453 4378 CORNELIVS.
481 4320 515 4378 L.
537 4320 570 4379 F.
592 4321 624 4377 P.
648 4319 685 4377 N.
711 4319 849 4378 SVLLA.
878 4319 1008 4378 FELIX.
1036 4319 1103 4376 dict.
1132 4319 1186 4376 rei.
1205 4317 1289 4392 publ.

152 4418 376 4477 constituendae.
399 4437 421 4476 c.

193 4512 217 4594 ³)
239 4518 314 4574 ΑΡΡ.
337 4518 366 4588 Ι,
390 4519 443 4594 98,
467 4519 572 4578 habet:
598 4525 805 4600 παυσάμενον
832 4523 909 4593 ἔθος
940 4522 973 4582 ἐκ
1000 4520 1287 4601 τετρακοσίων
