3284 5272
684 553 725 612 99

135 725 375 825 ἀναριθμήτοις
415 726 548 825 μυριάσι
587 725 888 824 παρατασσόμενος
928 725 980 794 καί
1020 723 1274 796 κινδυνεύων

136 849 240 945 ύπέρ
267 855 344 946 τῆς
369 848 577 946 πατρίδος
597 847 665 944 ίςη
689 842 929 945 τρόπαιον.”
953 855 1038 918 Ibid.
1062 864 1147 918 extr.
1169 855 1274 936 (prae-

135 969 290 1032 dicantur
312 969 385 1032 eius
408 969 635 1031 mansuetudo
663 977 699 1030 et
720 969 903 1032 clementia
919 988 1005 1052 erga
1020 966 1275 1047 Atheniensesl:

136 1076 215 1170 „eu
240 1081 322 1147 πᾶσι
349 1076 386 1147 δέ
411 1077 464 1147 καλ
489 1078 527 1146 τύ
553 1076 628 1174 περί
654 1074 713 1154 τὰς
735 1071 885 1173 Ἀθήνας
903 1077 974 1173 ἔχει
1000 1075 1072 1146 τινὰ
1100 1075 1208 1171 ροπὴν
1231 1076 1277 1152 είς

132 1195 272 1294 ἤθους
299 1195 473 1295 σύγκρισιν·
518 1198 585 1291 εἴγε
612 1194 739 1275 Σύλλας
767 1197 827 1290 μὲν
856 1197 937 1295 ύπέρ
964 1201 1026 1294 τῆς
1059 1191 1275 1293 Μιθραδάτου

136 1315 309 1410 δυνάμεως
335 1317 388 1387 καί
408 1318 589 1414 ἡγεμονίας
612 1316 856 1414 πολεμήσασαν
877 1317 970 1413 αύτῖρ
990 1317 1052 1414 τὴν
1075 1315 1169 1386 πολιν
1191 1314 1275 1385 ἑλὼν

135 1435 367 1536 ἐλευθέραν
396 1438 507 1535 ἀφῆκε
533 1438 586 1508 καί
609 1437 859 1534 αὐτόνομον,
884 1435 1077 1534 Λύσανδρος
1101 1435 1137 1506 δέ
1158 1432 1275 1506 τοσαύ-

133 1583 196 1654 της
231 1560 411 1654 ἡγεμονίας
437 1559 490 1629 καί
526 1560 637 1657 ἀρχῆς
671 1560 875 1629 ἐκπεσοῦσαν
904 1558 961 1628 ούκ
987 1555 1159 1655 ίρκτειρεν7
1190 1554 1276 1626 ἀλλὰ

134 1676 188 1747 καί
212 1678 274 1774 την
297 1678 520 1775 δημοκρατίαν
543 1677 751 1775 ἀφελόμενος
772 1677 966 1772 ὠμοτάτους
989 1677 1076 1774 αὐτῇ
1097 1677 1149 1747 καί
1170 1701 1276 1774 παρα-

134 1797 256 1890 νόμους
284 1799 432 1879 ἀπέδειξε
459 1798 534 1878 τοὺς
560 1797 767 1897 τυράννους”.

179 1916 269 1980 Num
291 1919 377 1982 haec
401 1919 516 2002 iniqua
539 1920 582 1982 de
606 1917 704 1984 Sulla
726 1918 853 1981 iudicia
875 1921 979 1981 sunt?

604 2135 811 2143 ..ἠ-..η-

183 2291 309 2356 Omnia
334 2301 448 2356 autem
472 2293 532 2354 illa
558 2313 578 2355 e
604 2293 698 2355 nullo
722 2292 790 2355 alio
815 2301 1015 2373 manarunt,
1039 2293 1103 2354 nisi
1127 2312 1146 2354 e
1170 2289 1275 2355 Sulla.
1375 2281 1379 2292 ’

135 2406 224 2472 Sunt
258 2408 402 2480 iudicia,
436 2428 505 2470 non
535 2408 713 2471 Plutarchi
736 2408 779 2471 de
803 2406 920 2484 Sulla,
944 2408 1005 2470 sed
1029 2405 1148 2471 Sullae
1171 2407 1215 2469 de
1238 2427 1276 2469 se

135 2525 232 2607 ips0,
257 2544 345 2606 quae
369 2525 574 2588 Plutarchus
598 2545 643 2587 ex
667 2545 710 2587 eo
734 2525 922 2606 descripsit.

180 2639 351 2721 Acumine
374 2641 464 2702 enim
486 2660 626 2723 prorsus
648 2641 777 2724 ingenii
800 2660 918 2704 carere
941 2641 1179 2715 Plutarchum,
1192 2640 1275 2702 iudi·

135 2757 225 2820 cium
248 2758 292 2820 de
315 2757 465 2840 quodam
481 2758 554 2820 uiro
569 2757 768 2832 facientem,
784 2757 852 2819 iam
867 2777 1019 2838 prooem.
1028 2761 1067 2839 'p.
1086 2776 1103 2835 5
1122 2757 1274 2838 exposui.

135 2871 250 2954 Quam
284 2875 329 2936 ob
363 2895 435 2937 rem
469 2893 614 2956 prauum
640 2883 692 2937 est
715 2875 807 2956 quod
830 2874 918 2956 Lely
940 2875 1024 2938 dicit
1046 2895 1079 2956 p.
1108 2895 1167 2952 13:
1196 2892 1275 2955 „per

134 2999 244 3052 totam
255 2979 373 3054 Vitam
388 2990 502 3072 iniqua
518 2990 643 3054 iudicia
659 2992 702 3053 de
719 2987 817 3053 Sulla
832 2989 1073 3053 inueniuntuff'.
1096 2989 1275 3071 Perpauca

135 3105 264 3186 iniqua,
280 3126 369 3187 quae
386 3106 442 3168 hic
453 3106 523 3168 illic
544 3106 713 3188 leguntur,
731 3105 867 3168 aliunde
884 3106 957 3167 sine
973 3105 1079 3168 dubio
1095 3104 1276 3184 desumpta

136 3228 222 3282 sunt.
258 3219 426 3302 Qualibus
453 3221 538 3284 locis
561 3219 745 3285 Sallustius
770 3242 801 3284 u.
826 3242 853 3284 c.
870 3221 1011 3284 subesse
1033 3229 1166 3302 potest,
1187 3219 1275 3281 sicut

137 3337 239 3399 etiam
271 3337 314 3400 H.
345 3338 471 3413 Pmnn,
502 3336 568 3401 die·
586 3337 729 3420 Quellen
751 3336 849 3400 Plut.
867 3358 900 3419 p.
924 3343 967 3400 60
991 3346 1059 3400 not.
1083 3335 1275 3418 suspicatus

137 3461 190 3515 est
218 3453 269 3535 (cf.
300 3474 332 3535 p.
362 3453 442 3534 120).
489 3454 568 3536 Ipse
592 3453 811 3527 Plutarchus
846 3454 916 3516 tale
951 3452 1033 3533 quid
1067 3470 1274 3526 memorans

136 3575 255 3638 laudat
288 3572 498 3638 Sallustium.
538 3574 587 3639 Cf.
611 3579 778 3660 conparat.
802 3574 970 3659 Lysandr.
995 3596 1020 3637 c.
1046 3572 1148 3649 Sall„
1169 3595 1205 3652 3:
1231 3569 1273 3661 „6

138 3689 174 3760 δὲ
210 3687 368 3788 (Σύλλας)
410 3687 484 3760 οότε
520 3691 591 3768 νέος
619 3689 666 3758 ὢν
693 3690 768 3787 περὶ
794 3687 854 3767 τὰς
887 3686 1062 3781 ἐπιθυμίας
1102 3687 1274 3785 ἐμετρίαζε

137 3808 190 3880 διὰ
216 3811 278 3906 τὴν
305 3811 429 3880 πενίαν
449 3807 523 3880 ούτε
549 3808 703 3907 γηράσας
742 3808 795 3880 διὰ
821 3810 883 3905 τὴν
910 3808 1061 3905 ἡλικίαν,
1088 3806 1173 3878 ἀλλὰ
1199 3805 1274 3910 τούς

136 3930 212 4028 περί
245 3928 393 4025 γάμων
425 3930 477 4000 καλ
513 3927 805 4028 σωφροσύνης
832 3931 992 4025 εἰςηγεῖτο
1020 3929 1182 4021 νόμους
1208 3935 1274 4006 τοῖς

137 4049 284 4128 πολίταις
319 4050 445 4129 αύτύς
478 4051 587 4147 ἐρῶν
624 4049 692 4119 καὶ
726 4045 967 4145 μοιχεύων,
1002 4045 1048 4128 ὥς
1080 4073 1164 4145 φησι
1191 4047 1274 4118 Σαλ-

137 4167 285 4251 λούςιος”
304 4169 342 4266 ¹).

188 4435 206 4518 ¹)
228 4436 358 4498 Ubinam
380 4435 439 4496 hoc
467 4435 574 4496 dixerit
595 4435 747 4495 Sallustius
768 4435 950 4513 ignoramus.
991 4433 1131 4512 Legimus
1153 4432 1274 4510 quidem

138 4538 205 4610 lug.
230 4554 266 4612 95
290 4537 431 4595 nonnulla
452 4535 489 4594 de
511 4536 607 4594 Sullae
629 4545 735 4593 natura
757 4547 786 4593 et
808 4537 899 4592 cultu.
930 4535 1028 4592 Docet
1048 4533 1089 4592 ibi
1103 4533 1191 4591 sin.
1203 4552 1274 4606 nos,
