3284 5272
751 541 787 598 75

246 709 351 791 Apud
374 712 455 773 Aee.
480 711 637 774 Piraeum
662 723 779 775 contra
804 711 935 776 Sullam
960 713 1113 777 defendit
1137 714 1337 778 Archelaus.

200 826 331 888 Eadem
361 827 490 890 habent
518 827 661 890 Euneon.
693 828 735 890 V.
761 835 779 890 6
803 826 911 911 (Sulla
934 829 1144 893 Archelaum
1168 832 1259 912 apud
1281 832 1337 895 Pi·

70 947 74 954 “
199 962 315 1004 raeum
350 943 493 1024 obsedit)
528 952 564 1006 et
598 942 699 1007 Onos
734 943 793 1006 VI.
832 966 847 1006 2
881 943 990 1026 (Sulla
1012 945 1222 1010 Archelaum
1246 950 1338 1030 apud

200 1058 360 1120 Piraeum
383 1059 441 1120 diu
464 1060 618 1140 obsedit).

244 1175 333 1236 Tum
364 1195 547 1238 consensus
575 1176 640 1239 hac
663 1161 807 1257 ¹quoque
838 1177 872 1238 in
903 1198 941 1240 re
971 1178 1059 1241 inter
1082 1178 1281 1260 Appianum
1304 1191 1339 1243 et

200 1289 333 1352 Liuium
358 1291 506 1354 cernitur
526 1287 556 1372 ¹).

303 1551 306 1560 Ι
342 1459 424 1522 Aru).
450 1482 501 1538 34.
993 1463 1092 1526 Fcon.
1116 1464 1141 1526 I.
1167 1486 1217 1541 40.
1243 1470 1271 1527 8.

174 1605 261 1698 „thr
274 1601 302 1671 δ’
316 1601 421 1700 αὐτῆς
437 1605 566 1701 ἡμέρας
582 1605 676 1699 αὐτῷ
689 1604 743 1673 καλ
844 1605 976 1680 „Missis
999 1605 1174 1668 Archelao
1190 1605 1415 1689 Neoptolemo-

118 1715 308 1799 Μουνάτιος
321 1721 395 1819 περὶ
410 1719 742 1794 ΧαλκίδαΝεοπτά-
794 1741 859 1804 que
881 1719 1090 1801 praestetis?

118 1841 250 1934 λεμον
289 1841 400 1939 ἕτερον
438 1845 604 1939 ςρατηγον
644 1869 742 1913 κατα-

117 1958 269 2057 τρώσας,
299 1963 418 2032 ἔκτεινε
446 1961 536 2056 perf

342 2143 424 2206 APP.
450 2151 502 2222 38.
564 2133 565 2136 ¹
904 2147 974 2209 Lrv.
998 2167 1068 2227 per.
1092 2146 1262 2209 LXXXI.

175 2284 217 2379 „d
237 2285 264 2354 δ’
278 2267 479 2383 ἐμπιπράναι
500 2287 559 2380 μὲν
575 2289 636 2384 τὴν
650 2288 743 2358 πόλιν
846 2288 951 2363 „Urbi
990 2287 1173 2350 libertatem
1213 2299 1247 2376 et
1285 2290 1416 2352 ciuibus

120 2406 261 2500 dusius,
296 2405 475 2504 διαρπάσαι
507 2407 533 2477 δ’
561 2407 663 2478 ἔδωκε
694 2413 743 2504 rip
797 2425 885 2485 quae
909 2405 1100 2466 habuerant
1122 2405 1293 2468 reddidit?

119 2529 247 2622 ςρατῖο.
301 2527 354 2596 καλ
387 2526 551 2620 ἕτοιμοι
587 2527 744 2625 σάρκες

120 2643 356 2742 ἀνθρώπων
385 2649 418 2725 ἐς
440 2649 569 2746 τροφὴν
597 2650 631 2718 ἐν
665 2649 743 2718 πυλ-

119 2765 191 2842 λοῖς
218 2766 392 2863 οἰκήμασιν
419 2767 650 2865 ηὑρέθησαν.”
757 2780 761 2786 ’
870 2851 873 2862 ,
957 2754 1057 2817 FLOR·
1080 2756 1106 2817 Ῑ·
1132 2777 1183 2832 40·
1208 2778 1238 2833 9·

176 2891 244 2982 „rip
265 2886 301 2956 δὲ
315 2887 392 2984 ἑξῆς
407 2890 424 2957 ὁ
440 2887 568 2968 Σύλλας
583 2889 659 2967 τοὺς
683 2889 742 2982 μὲν
845 2895 994 2971 „Urbem
1010 2897 1187 2960 obsidione
1204 2918 1245 2959 ac
1260 2896 1351 2960 farne
1372 2901 1416 2960 ad

120 3003 259 3083 δούλους
288 3007 448 3092 ἀπέδοτο,
477 3016 543 3087 τοῖς
571 3009 597 3078 δ’
613 3008 743 3080 ἐλεοθέ-
795 3011 963 3074 humanos
986 3010 1071 3076 cibos
1096 3013 1285 3094 compulit?
1389 3056 1392 3062 ·

121 3149 209 3222 ροις,
236 3123 378 3219 πάμπαν
406 3127 496 3197 οὖσιν
518 3129 655 3223 ὀλίγοις,
679 3131 741 3226 τὴν
1212 3161 1224 3195 ι

122 3244 185 3338 μὲν
213 3245 463 3344 ἐλευθερίαν
491 3227 559 3345 ἔφή
587 3225 742 3319 διδάναι.”

246 3417 275 3506 E
298 3417 420 3498 quibus
443 3417 583 3481 forsitan
606 3421 772 3502 quispiam
796 3421 990 3496 deduxerit,
1006 3422 1200 3497 Annum,
1216 3423 1338 3488 Mr'z‘hr.

203 3553 333 3610 30—40
351 3544 490 3597 auctore
506 3536 605 3598 usum
621 3557 697 3598 esse
709 3521 817 3608 Lwro,
833 3537 925 3617 quod
939 3557 1007 3619 ego
1020 3546 1135 3600 tamen
1146 3559 1214 3601 non
1226 3541 1338 3603 credo,

246 3649 332 3710 Mihi
367 3650 457 3711 enim
491 3651 626 3712 uidetur
654 3650 773 3714 auctor
803 3650 955 3733 Appiani
978 3673 1047 3716 non
1069 3653 1172 3717 fuisse
1195 3656 1339 3736 scriptor

201 3762 354 3838 Latinus,
378 3767 438 3827 sed
456 3767 570 3848 potius
586 3769 739 3849 aequalis
755 3766 873 3832 Sullae
889 3769 1056 3851 huiusque
1069 3779 1187 3832 contra
1198 3770 1338 3833 Mithra-

202 3879 317 3942 datem
340 3882 424 3944 belli
446 3882 559 3956 testiS,
584 3883 796 3946 Posidonius.

246 3996 397 4060 Transeo
421 3999 466 4060 ad
487 3997 569 4061 Are.
593 3997 715 4062 Mr'thr.
740 4020 870 4077 ιιι-45
897 3999 947 4081 (cf.
971 4021 1003 4082 p.
1032 4002 1091 4081 59).

249 4315 267 4396 ¹)
289 4318 359 4392 Quo
380 4328 470 4396 pacto
493 4323 575 4378 Lanu
596 4342 625 4397 p.
649 4325 681 4394 6,
704 4341 795 4399 agens
810 4322 847 4381 de
858 4324 1045 4381 Athenarum
1057 4322 1337 4397 obsidione,dicere

201 4416 294 4492 possit
326 4417 420 4492 „Liuii
451 4418 662 4496 epitomatores
694 4423 808 4480 nullum
831 4420 972 4480 auxilium
997 4421 1168 4495 adferunt‚'’
1193 4424 1275 4483 haud
1294 4423 1337 4482 in·

202 4517 356 4594 tellegitur.
