3284 5272
896 543 936 601 70

344 715 442 778 factis
472 717 611 796 proeliis
647 718 793 778 eundem
825 715 1036 778 Archelaum
1067 717 1219 797 reprimit
1250 729 1284 778 et
1312 718 1356 778 ad
1388 737 1475 780 mare

346 831 451 894 reicit.

390 946 497 1028 Apud
531 946 729 1029 Appianum
761 947 1004 1028 superueniunt
1031 947 1159 1010 auxilia
1182 969 1201 1010 e
1225 948 1479 1030 Peloponnem,

346 1083 433 1144 quae
465 1060 630 1126 Surame
661 1063 780 1126 castris
803 1064 847 1126 ad
870 1064 1029 1126 Piraeum
1056 1063 1250 1144 expellunt,
1282 1084 1383 1145 quem
1407 1085 1480 1146 por·

345 1189 418 1242 tum
441 1178 635 1243 Archelaus
658 1200 741 1242 mox
765 1181 875 1243 classe
898 1181 1063 1243 aduectus
1086 1190 1242 1261 occupat.

390 1295 593 1357 Plutarchus
615 1294 736 1370 refert,
769 1293 892 1359 Suram
914 1295 1008 1357 iussu
1034 1294 1072 1357 L.
1096 1295 1217 1357 Licinii
1239 1294 1394 1370 Luculli,
1428 1297 1484 1376 qui

347 1420 420 1473 erat
443 1431 506 1493 pro
529 1420 711 1492 quaestore
733 1411 769 1473 in
791 1410 878 1473 Asia
901 1420 937 1474 et
960 1411 994 1472 in
1012 1409 1175 1485 Graecia,
1199 1411 1332 1485 statim,
1345 1422 1394 1474 sut
1410 1408 1484 1474 Sul·

347 1525 402 1587 lae
430 1525 581 1588 uenienti
608 1527 767 1600 cederet,
794 1526 975 1588 Boeotiam
1004 1526 1181 1608 reliquisse
1213 1536 1248 1589 et
1269 1528 1314 1589 ad
1331 1524 1484 1590 Sentium

349 1639 500 1703 rediisse.

391 1859 463 1920 Lrv.
486 1879 556 1940 per.
580 1858 790 1922 LXXVIII:
831 1868 1030 1941 „praeterea
1061 1860 1324 1941 trepidationem
1354 1860 1488 1922 urbium

348 1975 602 2056 insularumque
625 1975 700 2037 aliis
724 1976 768 2037 ad
791 1975 1037 2038 Mithradatem
1059 1975 1135 2037 aliis
1158 1977 1202 2038 ad
1226 1976 1392 2057 populum
1414 1976 1488 2038 Ro·

348 2111 487 2153 manum
510 2091 667 2154 ciuitates
690 2111 767 2154 suas
790 2091 1003 2153 trahentibus
1027 2091 1204 2154 continet.''

394 2206 538 2270 EuraoP.
561 2206 603 2269 V.
633 2212 668 2269 6:
708 2207 865 2282 „miserat
899 2207 990 2268 enim
1020 2206 1247 2270 Mithradates
1277 2204 1511 2270 Archelaum'

351 2343 427 2386 cum
452 2332 588 2386 centum
612 2332 647 2386 et
669 2323 794 2405 uiginti
824 2322 961 2385 milibus
985 2323 1138 2404 equitum
1160 2344 1201 2386 ac
1224 2323 1393 2404 peditum,
1427 2344 1491 2406 per

351 2459 453 2520 quem
477 2439 581 2502 etiam
604 2440 735 2521 reliqua
759 2437 906 2515 Graecia
929 2448 1099 2520 occupata
1122 2438 1199 2501 est.''

396 2553 496 2617 ORos
516 2555 577 2617 VI.
597 2576 631 2616 2:
660 2554 887 2630 „ArchelauS,
909 2555 980 2616 dux
1002 2553 1237 2632 Mithradatis,
1254 2575 1332 2618 cum
1352 2565 1492 2618 centum

352 2671 474 2752 uiginti
496 2671 633 2734 milibus
656 2672 810 2753 peditum
834 2680 937 2753 atque
961 2671 1113 2752 equitum
1136 2671 1169 2733 in
1200 2670 1370 2733 Achaiam
1392 2691 1492 2753 prae-

352 2784 489 2860 missuS,
512 2785 669 2849 Athenas
692 2796 919 2868 cunctamque
943 2785 1124 2851 Graeciam
1146 2787 1271 2867 partim
1293 2787 1343 2860 ui,
1366 2787 1493 2868 pa‘rtim

352 2901 526 2964 deditione
550 2901 720 2964 obtinuit.”
746 2882 749 2888 ,

397 3014 436 3081 Si
470 3037 548 3080 cum
578 3017 692 3079 uerbis
721 3018 921 3099 periochae:
961 3017 1055 3092 ,aliis
1083 3018 1128 3080 ad
1150 3017 1394 3080 Mithradatem
1417 3016 1494 3080 aliis

354 3134 398 3196 ad
420 3133 585 3214 populum
607 3135 804 3196 Romanum
827 3135 983 3197 ciuitates
1006 3153 1086 3197 suas
1102 3133 1332 3197 trahentibus”
1356 3153 1494 3215 compa·

353 3248 540 3311 rauerimus
564 3248 716 3330 Appiani
738 3251 859 3312 uerba:
891 3237 1150 3338 „Mqrpoqduqc
1176 3235 1320 3340 Εὔβοιαν
1347 3241 1400 3311 καὶ
1426 3239 1493 3336 Δη-

356 3358 522 3457 μητριάδα
549 3361 601 3429 καὶ
626 3356 825 3458 Μαγνησίαν
863 3361 920 3430 οὐκ
947 3362 1170 3457 ἐνδεχομένας
1200 3360 1241 3430 τὰ
1262 3357 1493 3458 Μιθραδάτενα

355 3478 547 3575 ἐλεηλάτει”
578 3508 646 3550 non
676 3488 896 3570 negabimuS,
919 3471 1090 3569 quandam
1110 3489 1382 3551 conuenientiam
1405 3488 1495 3551 inter

356 3620 415 3662 eos
439 3600 631 3675 obseruari,
653 3620 733 3662 nam
757 3620 802 3664 ex
821 3600 974 3682 Appiani
989 3602 1068 3663 loco
1084 3602 1246 3683 adparet,
1262 3601 1418 3664 ciuitates
1435 3621 1496 3664 eas

356 3737 377 3778 a
398 3716 569 3797 Romanis
590 3717 733 3780 stetisse.

402 3829 503 3912 Quod
526 3830 667 3894 Orosius
695 3834 816 3895 habet:
853 3832 1064 3908 „Archelaus
1091 3831 1272 3896 Graeciam
1294 3833 1418 3914 partim
1441 3834 1493 3907 ui,

357 3947 481 4028 partim
504 3947 676 4010 deditione
703 3949 865 4012 obtinuit”
892 3949 996 4011 etiam
1020 3969 1097 4011 cum
1113 3947 1265 4030 Appiani
1291 3949 1406 4011 uerbis
1425 3969 1495 4011 non

357 4069 505 4141 pugnat:
524 4050 715 4151 „Appellato
742 4053 769 4125 δ’
784 4052 913 4151 Ἀχαιοὶ
939 4055 992 4126 καὶ
1007 4054 1164 4133 Λάκωνες
1184 4053 1414 4152 πραςετίθεντα
1441 4055 1495 4125 καὶ

358 4167 502 4242 Βοιωτία
528 4180 622 4244 πᾶσα
649 4175 752 4272 χωρίς
777 4199 814 4269 γε
842 4172 1030 4270 Θεσπιέων,
1059 4173 1115 4253 οὓς
1132 4173 1400 4273 περικαθήμενος
1418 4177 1494 4244 ἐπα-

357 4290 505 4389 λιόρκει.”
525 4289 584 4361 ¹Ex
605 4301 658 4362 his
682 4301 772 4363 enim
796 4301 970 4376 discimus,
987 4301 1166 4376 Achaeos,
1183 4301 1493 4376 Lacedaemonios,

359 4413 444 4473 alios
477 4432 514 4474 se
548 4413 699 4488 dedisse,
730 4414 959 4494 Thespienses
990 4423 1108 4476 contra
1139 4414 1173 4476 ui
1200 4416 1263 4476 sub
1286 4424 1494 4495 potestatem

359 4518 575 4582 Mithradatis
599 4521 744 4583 venisse.
