3284 5272
730 540 768 599 77

225 712 443 785 Plutarchus,
468 713 524 793 qui
547 713 672 774 multus
697 722 749 774 est
773 733 851 775 cum
874 715 909 776 in
932 715 1006 796 ipso
1022 717 1154 796 proelio
1172 716 1318 780 Chaero-

179 827 277 889 nensi
307 829 545 902 describendo,
575 839 648 890 tum
675 830 710 890 in
733 829 800 891 loci
823 839 943 892 natura
976 832 1211 915 depingenda,
1246 853 1319 895 sae·

180 963 366 1024 penumero
390 945 434 1006 ab
457 942 619 1024 Appiano
643 941 756 1006 differt
780 943 805 1023 ¹).

226 1057 350 1122 Statim
378 1060 422 1121 ab
450 1059 546 1120 initio
576 1059 655 1121 inde
685 1059 784 1122 aliter
806 1059 882 1134 ille,
915 1061 1015 1123 aliter
1038 1061 1093 1124 hic
1117 1081 1172 1124 res
1194 1071 1318 1124 narrat.

224 1175 322 1236 PLur.
351 1193 397 1252 15.
444 1174 649 1247 Archelaus
681 1195 789 1256 usque
820 1175 854 1236 in
886 1177 1032 1238 statione
1055 1197 1161 1239 naues
1196 1186 1317 1239 tenens

180 1290 271 1371 apud
294 1300 430 1371 portum
453 1289 689 1373 Munychiam,
714 1311 735 1352 a
757 1291 880 1354 Taxile
903 1303 1046 1355 uocatur
1069 1301 1117 1367 et,
1140 1302 1178 1354 ut
1202 1312 1319 1354 econ·

179 1414 278 1468 textu
301 1405 461 1485 adparet,
485 1405 520 1466 in
543 1405 723 1468 Boeotiam
746 1407 871 1489 pergit.

225 1520 308 1583 Aee.
322 1543 372 1598 41.
397 1520 604 1595 Archelaus,
618 1521 776 1584 Piraeum
795 1524 1050 1605 derelinquens,
1064 1544 1126 1606 per
1138 1524 1318 1586 Boeotiam

179 1637 266 1718 petit
283 1637 497 1700 Thessaliam
517 1647 552 1700 et
568 1638 658 1700 circa
670 1639 923 1723 Thermopylas
936 1641 1052 1722 copias
1068 1661 1148 1704 suas
1165 1640 1318 1722 conligit.

223 1755 321 1816 Prur.
356 1755 435 1817 ibid.
487 1751 585 1817 Sulla
626 1755 807 1817 Boeotiam
850 1755 998 1819 fertilem
1036 1757 1143 1820 sterili
1177 1757 1317 1820 Atticae

181 1868 365 1950 anteponit.
410 1869 548 1950 Itaque,
568 1869 695 1932 famem
718 1879 753 1932 et
775 1871 951 1951 penuriam
974 1869 1126 1953 fugienS,
1151 1871 1318 1948 Atticam,

180 2004 267 2065 quae
302 2005 423 2067 aspera
454 1996 557 2068 atque
588 1987 755 2068 equitatui
778 1987 995 2050 incommoda
1026 1998 1117 2059 erat,
1142 1989 1318 2071 relinquit,

179 2121 372 2182 quanquam
394 2102 526 2164 uiderat
549 2103 774 2165 barbarorum
796 2123 931 2165 onmem
948 2103 1018 2164 uim
1033 2103 1067 2165 in
1084 2104 1178 2185 equis
1195 2114 1230 2167 et
1246 2125 1318 2168 cur-

179 2217 272 2279 ribus
295 2218 451 2298 positam.
496 2217 727 2282 Proficiscitur
749 2219 853 2301 igitur
876 2228 971 2282 recta
993 2219 1049 2282 uia
1071 2219 1106 2280 in
1130 2219 1318 2282 Boeotiam.

225 2331 307 2393 Aer.
330 2332 409 2394 ibid.
455 2331 551 2396 Sulla
566 2342 684 2396 contra
700 2332 909 2396 Archelaum
926 2334 1050 2414 etipse
1066 2352 1129 2414 per
1139 2333 1319 2397 Boeotiam

180 2445 413 2526 proficiscitur.
460 2447 501 2510 Ei
530 2468 613 2511 uero
636 2449 923 2531 adpropinquanti
946 2451 1064 2512 hostes
1088 2470 1133 2511 ex
1155 2450 1319 2512 Thermo-

179 2562 269 2644 pylis
293 2565 429 2626 obuiam
452 2565 593 2627 ueniunt
615 2565 649 2626 in
672 2565 869 2628 Phocidem.

225 2678 326 2760 Quod
353 2681 482 2744 adtinet
511 2682 555 2743 ad
586 2701 737 2764 pugnam
769 2681 1044 2745 Chaeronensem
1071 2683 1197 2764 ipsam,
1221 2680 1320 2746 Sulla

180 2795 215 2857 in
242 2798 493 2860 commentariis
523 2799 611 2861 hanc
635 2799 892 2862 adcuratissime
916 2799 1136 2881 descripsisse
1169 2799 1320 2873 uidetur,

182 2909 222 2974 cf.
246 2913 344 2975 Prur.
373 2919 420 2976 18.
1013 2992 1015 2996 .

225 3026 337 3108 Quam
360 3028 564 3092 Plutarchus
587 3050 655 3092 non
678 3031 851 3093 minimam
867 3031 975 3094 cladis
992 3050 1131 3094 causam
1153 3030 1319 3111 adpellat,

180 3141 312 3206 Sullam
335 3164 434 3207 usum
456 3164 593 3207 omnem
615 3145 748 3209 falcatis
773 3147 926 3210 curribus
950 3147 1134 3220 ademisse,
1154 3146 1254 3208 huius
1270 3146 1319 3208 rei

181 3256 360 3340 Appianus
383 3261 590 3323 mentionem
613 3281 681 3324 non
703 3261 794 3325 facit.

225 3371 324 3435 Prur.
347 3372 392 3436 l.l.
418 3367 542 3452 ‚atsur
566 3367 629 3466 γὰρ
651 3371 668 3437 ὁ
696 3367 824 3447 Σύλλας
850 3369 1112 3466 ταρασσομένοις
1140 3367 1317 3462 ἐπαγαγὼν

181 3485 233 3554 καὶ
259 3488 296 3555 το
324 3488 425 3579 μέσον
454 3487 602 3585 διάςημα
629 3494 678 3585 rip
706 3488 801 3586 τάχει
829 3488 974 3560 συνελὼν
999 3489 1153 3584 ἀφείλετο
1174 3489 1236 3584 τὴν
1250 3494 1317 3557 τῶν

183 3604 447 3706 δρεπανηφόρων
476 3610 651 3706 ἐνέργειαν.
679 3610 821 3707 ἔρρωται
841 3613 903 3706 γὰρ
932 3607 1055 3702 μάλιςα
1084 3609 1180 3706 μήκει
1195 3607 1318 3704 δρόμου

184 3810 367 3818 ——-.--..---
379 3811 387 3820 ο

181 3937 212 3995 in
233 3958 358 3998 numero
379 3959 451 4000 uero
471 3942 605 4001 notando
624 3940 728 4000 leuiter
749 3949 907 4000 errantem.
950 3942 1023 4018 Lely
1042 3951 1149 4001 contra
1168 3940 1211 4000 ita
1231 3941 1319 4002 ratio-

181 4035 312 4096 cinatur:
345 4059 435 4114 „cum
466 4059 502 4099 ex
533 4039 680 4116 Eutropio
709 4049 827 4116 pateat,
857 4038 975 4098 Liuium
998 4049 1028 4099 et
1048 4039 1146 4116 ipsum
1168 4039 1318 4118 scripsisse

180 4137 253 4194 XIV
274 4138 481 4197 Romanorum
502 4136 627 4215 requiri,
643 4137 713 4196 inde
725 4136 785 4196 iam
807 4136 949 4213 sequitur,
962 4156 1083 4218 prorsus
1093 4156 1153 4196 non
1165 4147 1317 4210 constare,

182 4237 261 4294 unde
284 4237 362 4312 App.
385 4256 438 4296 sua
457 4237 586 4308 habeat,
607 4256 624 4296 e
646 4235 730 4296 Liuio
751 4255 790 4294 an
811 4255 827 4294 e
849 4235 958 4294 Sulla.''
981 4235 1064 4312 (Lely
1084 4235 1145 4314 1.1.).

230 4333 248 4412 ¹)
271 4334 458 4394 Contrariam
489 4335 666 4395 sententiam
698 4337 782 4394 LuLv
813 4354 842 4411 p.
875 4336 893 4392 8
925 4332 1077 4392 uindicare
1108 4342 1232 4392 conatus
1263 4343 1315 4391 est.

183 4431 293 4491 Nititur
325 4443 424 4494 tamen
445 4435 563 4494 duobus
594 4444 711 4494 tantum
731 4433 813 4494 locis.
857 4432 917 4506 Qui
937 4430 1000 4492 fieri
1031 4440 1130 4508 potest
1157 4442 1189 4490 ut
1220 4430 1317 4505 dicat,

182 4550 233 4590 eos
254 4551 312 4590 uno
333 4534 427 4592 solum
448 4534 516 4592 loco
538 4553 556 4593 a
576 4553 607 4594 se
627 4533 755 4593 inuicem
777 4521 966 4608 discrepare,
989 4550 1048 4590 non
1069 4529 1169 4606 liquet.
1215 4542 1236 4586 f
