3286 5272
913 507 954 566 54

361 687 379 756 ὁ
406 681 580 760 Ἀντώνιος
609 681 690 780 ἡδὺς
718 682 764 748 ὢν
792 683 893 752 εἰπεῖν
916 681 1087 779 κατεκήλει
1108 681 1215 776 λόγοις
1243 691 1396 781 μακραῖς,
1411 687 1505 755 οἰκτι-

360 803 498 898 ζόμενός
526 803 640 873 τεκαὶ
667 801 775 872 πολλὰ
802 803 854 872 καὶ
881 802 1011 872 ποικίλα
1040 801 1188 886 διεξιών,
1218 802 1506 902 ἕωςὸχιλίαρχας

360 925 497 1021 ἀπορῶν
525 924 578 994 ἐπὶ
605 928 653 1018 cip
681 924 865 1018 γιγνομένῳ
893 922 991 1000 αὐτὸς
1019 922 1203 1020 ἀνέδραμεν
1232 926 1265 1002 ἐς
1292 927 1328 994 τὸ
1357 926 1506 1021 οἴκημα,

360 1045 412 1114 καὶ
439 1043 514 1122 τοὺς
547 1041 731 1139 ςρατιώτας
758 1042 863 1139 εὑρὼν
893 1043 1124 1139 ἀκροωμένους
1152 1043 1271 1113 ἔκτεινε
1298 1046 1354 1114 τὸν
1381 1041 1507 1116 Ἀντώ-

360 1189 426 1234 νιον
456 1159 678 1260 ρηταρεὺαντα
706 1162 764 1256 ἔτι,
792 1162 844 1231 καὶ
871 1162 932 1258 τὴν
960 1162 1110 1258 κεφαλὴν
1133 1163 1263 1260 ἔπεμψε
1283 1169 1332 1259 τῖρ
1348 1161 1507 1261 Μαρίῳ.”

405 1283 644 1366 Congruenter
666 1301 768 1363 porro
783 1291 939 1345 narratur
955 1283 1001 1344 ab
1017 1281 1067 1344 eis
1082 1282 1192 1363 (Pius.
1210 1305 1250 1362 43
1270 1295 1364 1359 extr.;
1382 1283 1465 1348 ΑΡΡ.
1478 1286 1508 1348 I.

363 1422 379 1481 7
385 1423 403 1479 γ
428 1399 529 1481 init),
554 1418 623 1480 quo
646 1408 750 1479 pacto
777 1395 950 1461 Cornutus
973 1416 1149 1460 seruorum
1166 1408 1243 1461 astu
1266 1401 1310 1462 sit
1332 1409 1508 1474 seruatuS,

362 1526 397 1580 et
431 1535 499 1597 quo
534 1514 637 1576 modo
671 1510 836 1576 Lutatius
871 1511 1014 1575 Catulus
1045 1511 1138 1574 fumo
1166 1527 1242 1576 sese
1274 1513 1510 1576 subfocauen't

361 1630 538 1714 (PLuT.·44;
562 1629 645 1693 ΑΡΡ.
662 1629 686 1692 Ι.
713 1628 774 1710 74).
798 1628 853 1690 De
876 1627 999 1692 ‘Catulo
1022 1628 1128 1691 habet
1146 1628 1279 1692 Fnonus
1295 1630 1353 1692 l.1.:
1382 1629 1508 1704 „Catu-

360 1747 414 1809 lus
437 1767 475 1808 se
498 1745 588 1828 ignis
610 1745 734 1808 haustu
757 1745 904 1807 ludibrio
927 1745 1075 1807 hostium
1098 1745 1252 1808 exemit.'’

407 1863 463 1924 De
475 1860 633 1937 Merula,
648 1860 785 1924 flamine
797 1857 909 1936 Diali,
923 1863 1044 1923 eadem
1057 1864 1195 1925 tradunt
1207 1861 1388 1944 Appianus
1406 1863 1431 1937 I,
1453 1883 1507 1942 74,

365 1988 399 2042 et
422 1977 546 2040 Florus
570 1978 614 2041 l.l.

409 2093 558 2158 Confuse
592 2095 731 2156 tandem
766 2095 858 2174 apud
888 2093 980 2175 App.
1016 2094 1041 2156 I.
1078 2114 1116 2173 72
1144 2103 1181 2157 et
1209 2095 1301 2175 apud
1335 2094 1408 2157 Liu.
1432 2115 1506 2175 per.

363 2209 509 2274 LXXX
531 2211 673 2293 legitur,
697 2230 765 2293 quo
789 2211 891 2272 modo
924 2211 1048 2273 caedes
1072 2209 1270 2274 Crassorum
1292 2219 1428 2292 patrata
1450 2211 1503 2274 sit.

406 2325 529 2389 Florus
564 2327 607 2389 ll.
632 2327 742 2389 solum
766 2326 862 2390 dicit:
891 2325 1022 2401 „Crassi
1042 2335 1142 2408 pater
1166 2336 1201 2390 et
1223 2325 1311 2389 filius
1334 2327 1368 2389 in
1385 2336 1503 2390 mutuo

361 2444 449 2506 alter
472 2443 611 2506 alterius
634 2443 801 2523 adspectu
823 2441 1080 2524 (trucidantur).'’
1240 2523 1244 2534 ,

407 2557 508 2641 Quod
531 2535 662 2622 adtinet
687 2559 732 2620 ad
763 2565 909 2622 mortem
935 2558 1052 2632 Marii,
1088 2577 1164 2621 eam
1188 2559 1394 2640 epitomator
1416 2559 1504 2621 Liuii

362 2675 564 2738 breuissime
603 2683 735 2737 tractat.
783 2673 860 2755 Quo
899 2683 1013 2737 autem
1056 2685 1158 2755 pacto
1192 2695 1269 2736 eam
1299 2674 1504 2738 Plutarchus

365 2801 400 2854 et
438 2790 620 2873 Appianus
655 2790 913 2871 descripserint,
945 2791 1013 2853 iam
1048 2789 1131 2852 satis
1154 2790 1301 2853 uidimus
1326 2810 1428 2872 supra
1463 2792 1504 2872 (p.

365 2911 407 2983 46
431 2905 490 2987 sq)

409 3020 464 3083 De
494 3019 645 3084 fontibus
673 3020 851 3083 Plutarchi
882 3029 917 3083 et
949 3020 1101 3103 Appiani
1124 3023 1211 3085 haec
1239 3023 1401 3103 suspicor.
1449 3022 1502 3084 Li·

363 3137 455 3200 uium
501 3137 610 3199 secuti
656 3156 731 3199 esse
780 3137 938 3200 uidentur
972 3137 1070 3199 Pius.
1102 3137 1194 3200 Mur.
1238 3159 1386 3216 41—43‚
1421 3138 1501 3200 Asu.

363 3254 405 3316 B.
444 3253 478 3317 C.
513 3252 550 3327 I,
586 3258 726 3331 64-71.
762 3253 896 3315 Deinde
936 3273 1019 3315 uero
1054 3253 1123 3316 alio
1158 3253 1209 3317 usi
1244 3265 1322 3317 sunt
1346 3264 1500 3332 auctore,

365 3377 400 3432 et
423 3369 563 3450 quidem
585 3369 750 3450 scriptore
765 3389 834 3432 non
857 3369 987 3432 Latinu'
1012 3368 1260 3432 Conuenientia
1281 3391 1350 3433 non
1372 3380 1502 3434 tantum

364 3485 644 3547 animaduertitur
678 3485 712 3546 in
748 3485 830 3566 ipsis
864 3487 981 3559 rebuS,
1016 3487 1078 3548 sed
1112 3486 1344 3560 adumbrati0,
1375 3505 1501 3560 sermo,

364 3602 462 3664 stilus
492 3601 666 3682 utriusque
690 3601 864 3682 scriptoris
887 3601 959 3665 fere
993 3602 1084 3664 idem
1120 3611 1172 3664 est
1189 3598 1218 3682 ¹).
1265 3602 1369 3664 Haud
1399 3603 1502 3684 igitur

365 3726 418 3779 est
452 3717 692 3792 dubitandum,
727 3717 809 3798 quin
844 3737 889 3779 ex
924 3715 1059 3780 Graeco
1082 3737 1145 3778 sua
1167 3717 1342 3779 hauserint
1363 3715 1457 3779 fonte
1473 3718 1501 3798 ²).

365 3831 518 3896 Graecus
551 3832 609 3895 ille
644 3843 763 3896 auctor
785 3833 814 3896 is
837 3831 941 3895 fuisse
972 3833 1114 3907 uidetur,
1149 3852 1251 3914 quem
1273 3833 1347 3913 ipse
1371 3833 1502 3895 Plutar-

365 3949 450 4012 chus
492 3949 574 4012 citat
613 3950 706 4012 Mur.
742 3970 800 4027 45,
843 3969 967 4031 nempe
1002 3947 1206 4012 Posidonius
1239 3947 1396 4012 Rhodius
1430 3951 1502 4013 siue

365 4064 567 4149 Apumeuu's
583 4065 613 4146 3).
1100 4048 1102 4054 ’

365 4225 572 4232 ...ὴ-.-

414 4329 418 4362 ¹
455 4330 501 4389 Cf.
523 4331 564 4388 H.
586 4331 707 4403 ΡΕΤΕκ,
728 4332 776 4389 (lie
802 4330 925 4405 Quelleu
948 4331 1054 4402 Plu,
1075 4350 1105 4405 p.
1131 4348 1196 4405 103.

407 4427 419 4461 ²
455 4430 662 4501 VOLLGRAFF,
688 4429 787 4488 Greek
815 4430 943 4490 Writers
960 4429 998 4506 os
1014 4429 1132 4486 Roman
1154 4429 1280 4503 History
1302 4449 1330 4503 p.
1354 4448 1402 4504 49.

408 4526 419 4558 a
454 4529 477 4586 Ι.
501 4531 604 4603 ΒΑΚΕ,
626 4531 785 4588 Posidonii
804 4529 918 4587 Rhodii
937 4529 1032 4604 relliq.
1051 4529 1156 4599 doctr„
1172 4529 1205 4584 L.
1218 4529 1251 4584 B.
1268 4529 1360 4600 1810,
1383 4547 1411 4603 p.
1432 4546 1500 4602 173:
