3284 5272
916 537 976 579 100

421 707 488 790 Qui
511 710 627 783 locus,
659 729 681 771 a
703 708 791 791 Lely
814 691 975 786 omissuS,
1000 709 1065 785 εἰς,
1090 729 1175 792 quos
1198 729 1230 792 p.
1260 731 1296 788 13
1322 720 1510 782 enumerat,

376 825 553 887 addendus
575 833 636 887 est.

420 941 516 1003 Idem
539 942 696 1014 tandem,
720 939 855 1004 Liuium
877 939 1008 1004 fontem
1030 942 1181 1014 habens,
1205 961 1321 1004 secum
1343 941 1462 1004 mirum
1476 941 1511 1004 in

375 1057 514 1119 modum
536 1056 671 1119 uidetur
690 1076 867 1140 pugnare,
885 1057 945 1119 ubi
962 1057 1044 1121 dicit
1059 1057 1157 1140 (Lely
1173 1077 1206 1139 p.
1223 1078 1259 1119 12
1275 1057 1348 1139 sq.):
1368 1055 1510 1139 „saepis-

375 1172 459 1236 sime
484 1172 717 1235 commentarii
741 1172 937 1248 laudantur,
961 1182 1039 1237 sunt
1058 1184 1173 1237 tamen
1189 1176 1360 1255 quaedam
1375 1173 1510 1241 indicia.

375 1288 465 1350 unde
488 1297 606 1369 pateat
628 1289 850 1351 Plutarchum
874 1286 974 1352 etaiam
998 1286 1083 1352 altos
1105 1286 1283 1373 scriptores
1304 1289 1339 1352 in
1354 1298 1511 1370 promptu

375 1403 560 1466 habuisse’'.
617 1402 708 1485 Quid
745 1403 840 1467 hisce
882 1403 996 1468 uerbis
1040 1405 1291 1467 demonstratur
1327 1403 1392 1466 nisi
1427 1403 1513 1484 Lely

374 1518 546 1594 arbitrari,
570 1519 795 1582 Plutarchum
819 1523 853 1582 et
885 1539 931 1582 ex
961 1519 1036 1582 aliis
1067 1519 1289 1602 scriptoribus
1319 1523 1353 1582 et
1374 1539 1393 1582 e
1417 1515 1513 1582 Sulla

375 1635 555 1698 hausisse?

419 1751 541 1814 Paullo
563 1762 642 1833 post
665 1751 774 1815 citans
796 1751 910 1815 locum
933 1751 1130 1828 Plutarchi,
1153 1751 1213 1814 ubi
1235 1750 1430 1814 Fenestella
1442 1751 1513 1812 lau·

376 1869 476 1931 datur
498 1867 574 1950 (uid.
598 1887 630 1949 p.
658 1887 718 1947 74,
741 1889 774 1951 p.
803 1890 863 1948 119
887 1877 955 1932 not·
981 1868 1031 1951 4),
1049 1868 1132 1932 dicit
1149 1867 1238 1950 Lely
1253 1867 1296 1950 (p.
1317 1867 1381 1948 13):
1409 1885 1513 1948 „ergo

370 1988 509 2068 praeter
533 1981 666 2048 Sullam
696 1993 732 2047 et
761 1984 898 2047 Liuium
925 1983 1028 2047 etiam
1052 1984 1137 2047 alios
1161 1993 1317 2047 auctores
1340 1981 1513 2063 inspexit”.

376 2100 466 2164 Num
497 2102 584 2164 haec
612 2102 719 2164 uerba
742 2112 823 2182 apte
847 2101 1052 2164 conueniunt
1075 2121 1152 2164 cum
1175 2121 1233 2174 en,
1257 2101 1349 2182 quod
1371 2099 1457 2179 Lely
1477 2098 1515 2159 in

335 2280 336 2284 ,
377 2218 615 2282 dissertatione
638 2239 700 2281 sua
721 2237 754 2300 p.
783 2240 793 2280 1
822 2217 887 2280 sibi
910 2197 1255 2300 proposueritcontra
1270 2216 1514 2279 Heerenumet

1626 517 1627 588 l

1625 607 1627 690 l

376 2334 538 2397 Peterum
573 2336 832 2414 demonstrare?
866 2332 964 2416 Quae
999 2333 1230 2398 controuersia
1264 2332 1434 2415 quomodo
1469 2330 1514 2392 sit
1626 2335 1627 2354 ¹

376 2450 610 2526 diiudicanda,
635 2451 794 2533 equidem
816 2450 942 2514 nescio.

377 2645 390 2652 ..
400 2643 571 2652 ...ἥκω-...ακ-

377 2775 487 2835 Sullam
509 2771 598 2833 fuisse
623 2769 765 2850 cupidum
787 2772 997 2848 uoluptatum,
1019 2771 1072 2831 sed
1093 2770 1204 2850 gloriae
1226 2768 1430 2849 cupidiorem,
1452 2767 1513 2829 otio

377 2873 466 2933 fuisse
496 2871 663 2946 luxurioso,
696 2879 796 2930 tamen
827 2871 866 2930 ab
897 2869 1022 2949 negotiis
1054 2889 1207 2947 nunquam
1227 2870 1414 2947 uoluptatem
1446 2887 1513 2928 eum

375 2971 463 3031 fuisse
484 2981 674 3030 remoratam.
717 2973 764 3030 De
791 2969 905 3048 legibus
926 2989 1019 3042 uero,
1041 2988 1115 3046 quas
1136 2970 1234 3044 Sulla,
1255 2967 1318 3046 ipse
1338 2965 1513 3028 libidinosus

376 3081 406 3131 et
436 3070 568 3145 adulter,
600 3068 754 3148 pertulerit
784 3067 858 3128 nihil
888 3067 970 3128 dicit.
1014 3069 1090 3129 Cum
1117 3078 1216 3128 autem
1238 3068 1328 3127 SALL.
1349 3068 1462 3141 addat,
1482 3082 1513 3125 se
1623 3065 1625 3080 ¹

376 3169 434 3230 alio
465 3171 533 3230 loco
564 3169 603 3230 de
636 3169 733 3228 Sullae
764 3170 852 3229 rebus
873 3188 934 3228 non
955 3166 1107 3228 dicturum
1129 3187 1211 3240 esse,
1233 3165 1369 3246 quaestio
1391 3185 1461 3226 sane
1481 3167 1513 3223 fit

378 3267 559 3328 difficillima.
