3286 5272
849 473 891 544 58

296 683 395 724 suurn
431 661 534 724 uertit
573 663 774 742 occupanda
811 661 1128 744 Parapotamiorum
1168 663 1311 743 pristina
1348 683 1436 726 arce.

297 778 467 860 Reppulit
489 779 569 841 inde
589 777 816 850 Archelaum,
838 778 898 859 qui
920 787 993 840 tum
1015 779 1180 841 aduersus
1203 777 1439 872 Chaeroneam

297 915 335 956 se
358 894 541 968 conuertit,
563 914 633 975 quo
656 894 771 956 statim
795 890 894 958 Sulla
916 895 1020 958 mittit
1042 915 1145 958 imam
1160 896 1335 978 legionem
1349 897 1439 959 duce

297 1007 445 1074 Gabinio
473 1011 529 1072 uel
552 1008 666 1072 Ericio
688 1009 762 1090 (16).

341 1127 480 1190 Proelia
501 1127 594 1208 apud
617 1125 854 1190 Chaeroneam
877 1137 912 1190 et
936 1125 1191 1190 Orchomenum
1213 1129 1378 1210 (17-21).

342 1241 440 1307 Sulla
462 1242 543 1306 Deli
565 1242 661 1324 pacis
684 1242 898 1305 conditiones
921 1243 1096 1306 Archelao
1119 1244 1201 1306 dicit
1224 1245 1298 1326 (22).
1394 1263 1404 1284 ·

340 1360 425 1422 Rex
446 1357 689 1432 Mithradates,
717 1359 828 1440 primo
851 1360 1040 1434 haesitans,
1062 1361 1202 1422 tandem
1224 1360 1440 1423 conditiones

297 1475 416 1541 Sullae
439 1477 573 1557 accipit
597 1475 706 1538 Irnrno
729 1475 914 1538 amicitiam
937 1497 1016 1539 cum
1038 1497 1081 1539 eo
1103 1477 1188 1539 inire
1210 1477 1286 1540 uult
1307 1477 1381 1558 (23).

343 1590 442 1656 Sulla
464 1601 500 1654 et
521 1591 748 1654 Mithradates
770 1591 923 1654 Dardani
946 1593 1153 1655 conueniunt
1175 1593 1248 1675 (24).

343 1706 442 1772 Sulla
475 1709 520 1770 ad
550 1719 663 1770 castra
693 1707 867 1771 Fimbriae
888 1710 983 1790 apud
1005 1709 1173 1792 Thyatira
1195 1707 1439 1791 proficiscitur.

299 1824 428 1886 Milites
451 1845 472 1886 a
486 1823 638 1886 Fimbria
652 1821 830 1897 deficiunt,
852 1822 985 1887 Sullam
1001 1825 1217 1888 consalutant
1232 1825 1317 1888 etin
1332 1844 1440 1905 opere

297 1939 456 2003 faciendo
485 1950 622 2002 strenue
653 1959 731 2002 eum
762 1941 934 2003 adiuvant
981 1939 1113 2022 Quibus
1153 1942 1256 2003 rebus
1287 1941 1440 2003 animad-

297 2058 405 2119 uersis
438 2055 607 2132 Fimbria,
637 2055 756 2120 Sullae
778 2057 1022 2138 inplacabilem
1044 2058 1129 2119 iram
1155 2058 1304 2133 ueritus,
1327 2068 1439 2121 morte

297 2173 399 2254 periit
420 2174 576 2255 quaesita
596 2174 625 2254 (2
631 2173 670 2252 5).

342 2286 441 2353 Sulla
468 2288 607 2371 Epheso
629 2291 745 2371 pergit
760 2289 941 2362 Athenas,
975 2291 1035 2352 ubi
1061 2290 1307 2353 bibliothecam
1330 2289 1440 2372 Apel-

299 2407 434 2470 licontis
457 2407 522 2469 sibi
545 2407 674 2468 eximit
698 2407 803 2480 Tum,
821 2408 966 2469 aduersa
981 2407 1176 2469 ualetudine
1188 2407 1440 2481 antecastra-

297 2525 378 2587 iecit
400 2523 600 2605 Aedepsum
622 2523 738 2604 ibique
760 2523 902 2585 thermis
924 2544 1005 2586 usus
1027 2533 1081 2586 est
1102 2523 1176 2604 (26).

342 2751 426 2814 App.
449 2751 571 2815 Mithr.
597 2758 737 2830 22—63.
784 2750 882 2815 Sulla
912 2771 989 2815 cum
1021 2752 1175 2814 exercitu
1197 2752 1232 2814 in
1256 2750 1437 2815 Graeciam

299 2869 442 2931 mittitur
463 2870 538 2950 (22;
565 2869 625 2949 23).

342 2986 507 3048 Rhodum
530 2986 755 3048 circumsedet
776 2983 900 3046 frustra
922 2984 1149 3048 Mithradates
1171 2983 1335 3066 (24-27).

342 3102 569 3164 Mithradates
591 3103 778 3182 desperans
800 3101 1094 3183 expugnationem
1117 3121 1138 3162 a
1160 3101 1290 3163 Rh0do
1313 3111 1438 3164 mouet

298 3219 509 3281 Archelaum
532 3219 565 3279 in
589 3216 770 3280 (iraeciam
793 3217 913 3291 mittit,
937 3217 1011 3299 qui,
1035 3237 1113 3279 curn
1135 3237 1265 3299 magna
1275 3218 1387 3280 classe
1402 3228 1439 3280 et

299 3337 439 3417 copioso
470 3346 664 3399 commeatu
686 3335 876 3417 profectus,
899 3335 1040 3409 Delum,
1068 3355 1156 3417 quae
1179 3338 1224 3398 ab
1247 3335 1437 3399 Athenien·

298 3454 391 3515 sibus
413 3451 604 3525 defecerat,
628 3452 764 3533 aliaque
780 3451 925 3513 castella
941 3460 1127 3532 expugnat
1151 3450 1313 3514 Perducit
1327 3450 1438 3513 Athe-

297 3569 434 3630 nienses
455 3569 499 3630 ad
515 3567 699 3630 amicitiam
714 3567 808 3648 regis
824 3567 875 3648 (27
894 3575 979 3628 extr.
994 3603 1035 3612 -
1054 3571 1094 3629 28
1110 3566 1200 3647 init).
1215 3567 1438 3630 Relationem

299 3685 474 3767 egreditur
506 3684 687 3766 Appianus
722 3684 952 3766 digressiones
987 3685 1031 3745 de
1065 3683 1240 3746 Aristione
1263 3683 1437 3757 faciendo,

298 3801 375 3882 qui,
399 3801 623 3883 philosophus
647 3822 667 3862 e
691 3820 803 3882 grege
825 3799 1206 3881 Epicuri‚tyrannidem
1218 3801 1438 3882 occupauerit

298 3916 446 3980 Athenis
468 3918 503 3979 in
526 3918 653 3998 patria,
684 3916 875 3998 ciuiumque
905 3915 1008 3988 alios
1040 3917 1132 3997 quod
1154 3917 1323 3980 Romanis
1345 3916 1438 3980 faue-

299 4043 374 4096 rent
404 4034 573 4114 partibus,
598 4033 714 4096 statim
737 4030 990 4097 interficiendos
1014 4033 1198 4107 emanarit,
1222 4033 1308 4096 alios
1330 4043 1438 4096 trans-

299 4150 428 4213 miserit
451 4150 495 4211 ad
517 4150 699 4212 Ponticum
721 4169 842 4231 regern
872 4148 945 4230 (28).

341 4265 476 4328 Achaei
517 4275 553 4328 et
586 4264 853 4328 Lacedaemonii
891 4264 1082 4346 Boeotique
1117 4285 1236 4328 omnes
1281 4266 1438 4348 exceptis

299 4383 566 4463 Thespiensibus
603 4384 648 4445 ad
674 4382 885 4445 Archelaum
908 4380 1079 4444 deficiunt.
1124 4383 1386 4464 Metrophanes,
1417 4403 1438 4444 a

299 4498 507 4563 Mithradate
531 4520 608 4562 cum
630 4500 699 4562 alia
710 4520 812 4562 manu
827 4499 971 4562 militum
987 4499 1188 4575 submissus,
1205 4501 1239 4563 in
1256 4498 1438 4563 Graeciam
