3284 5272
909 539 950 594 94

406 711 486 773 Are.
512 732 553 788 54
578 731 660 772 uero
684 711 803 782 tradit,
828 709 1038 772 Archelaum
1062 731 1139 772 cum
1163 708 1261 774 Sulla
1280 711 1498 782 conuenisse,

357 837 541 909 postquam
552 847 573 888 a
583 847 668 908 rege
680 826 870 907 accepisset
882 826 1028 898 litteras,
1039 826 1074 887 in
1087 827 1210 907 quibus
1222 827 1288 888 sibi
1300 826 1498 888 mandatum

357 942 493 1018 fuisset,
523 952 561 1005 ut
590 962 692 1024 quarn
722 941 969 1004 honestissimis
998 951 1117 1024 posset
1148 942 1400 1005 conditionibus
1422 961 1500 1004 cum

360 1057 457 1122 Sulla
479 1077 601 1140 pacem
623 1057 762 1121 faceret

402 1174 496 1237 Inter
528 1194 566 1236 se
601 1174 816 1236 consentiunt
850 1174 988 1254 quidem
1017 1174 1052 1235 in
1082 1174 1317 1254 sequentibus:
1349 1183 1384 1236 et
1407 1174 1500 1254 apud

358 1291 595 1364 Plutarchum,
631 1299 668 1352 et
698 1291 790 1370 apud
819 1288 1019 1370 Appianum
1051 1287 1149 1353 Sulla
1178 1289 1391 1359 Archelaum
1421 1308 1501 1351 con-

358 1417 488 1482 monet,
512 1416 550 1469 ut
571 1407 646 1488 ipse
669 1406 735 1468 sibi
750 1407 905 1468 consulat
920 1406 1100 1488 sociusque
1116 1418 1220 1487 atque
1235 1407 1366 1468 amicus
1380 1406 1502 1487 populi
1618 1497 1619 1500 Ἴ

359 1520 418 1585 fiat
448 1522 608 1584 Romani
653 1521 742 1584 Item
772 1522 864 1603 apud
887 1531 1067 1603 utrumque
1090 1521 1283 1584 Archelaus
1306 1521 1502 1602 repudiauit

359 1646 463 1719 atque
485 1637 701 1700 abominatus
724 1647 777 1700 est
799 1637 1036 1718 proditionem.
1079 1675 1084 1682 ·

403 1750 474 1816 Sed
508 1754 600 1835 quod
622 1754 656 1815 in
679 1754 733 1815 his
766 1773 904 1834 quoque
926 1753 1016 1816 inter
1046 1772 1106 1816 eos
1128 1753 1309 1816 intercedit
1339 1754 1406 1815 hoc
1429 1765 1500 1816 est:

359 1870 452 1950 apud
473 1869 697 1932 Plutarchum
720 1868 902 1950 ambiguas
924 1869 1000 1951 agit
1021 1879 1139 1950 partes
1162 1868 1355 1931 Archelaus
1378 1870 1501 1931 uerba-

359 2005 425 2066 que
456 1985 607 2066 duplicia
637 1985 795 2066 loquitur.
842 1985 947 2048 Venit
977 1986 1022 2048 ad
1045 2005 1144 2047 suum
1167 1986 1344 2048 arbitrium
1367 2005 1409 2047 ac
1431 1983 1500 2046 fiir-
1556 2047 1560 2052 .

359 2101 420 2163 tim
454 2103 499 2163 ad
532 2098 679 2175 Sullam,
715 2101 774 2181 qui
808 2121 885 2163 eam
919 2103 964 2163 ob
988 2120 1127 2163 causam
1157 2101 1315 2164 nimirum
1350 2101 1500 2182 cogitat,

358 2217 455 2279 illum
485 2237 570 2299 erga
599 2237 720 2299 regem
754 2216 938 2298 proditoris
964 2226 1080 2297 partes
1102 2236 1209 2299 agere
1238 2217 1272 2278 in
1296 2217 1410 2279 animo
1439 2217 1500 2278 ha-

358 2335 451 2396 bere.
496 2332 662 2396 Attamen
685 2333 719 2395 in
742 2332 955 2414 propositum
978 2330 1098 2396 Sullae
1120 2352 1190 2395 non
1212 2333 1398 2406 consentit,
1421 2352 1501 2413 pro·

359 2450 522 2512 ditionem
544 2449 719 2530 repudiat,
742 2467 848 2529 quare
872 2446 970 2511 Sulla
989 2449 1282 2530 indignabundus:
1309 2457 1365 2523 ,tu
1388 2448 1500 2530 ergo'',

358 2565 483 2647 inquit,
521 2564 731 2646 ,Cappadox
765 2585 843 2626 cum
876 2564 940 2638 sis,
971 2564 1158 2637 Archelae,
1182 2573 1217 2627 et
1246 2565 1384 2627 barbari
1407 2564 1501 2646 regis

360 2701 494 2754 seruus,
528 2701 584 2743 me
617 2681 817 2743 Romanum
850 2681 972 2743 ducem
1004 2690 1039 2743 et
1069 2681 1207 2761 quidem
1236 2677 1369 2743 Sullam
1392 2681 1500 2743 audes

359 2796 404 2858 de
426 2796 618 2876 proditione
641 2795 844 2877 adpellare.’'
879 2795 983 2858 Haud
1005 2797 1054 2858 ita
1068 2795 1264 2877 AppianuS,
1288 2798 1382 2877 apud
1396 2816 1500 2877 quem

359 2911 553 2973 Archelaus
587 2932 655 2974 non
676 2912 771 2974 uenit
805 2911 974 2993 proditor,
1003 2913 1065 2973 sed
1094 2911 1188 2993 regis
1215 2912 1365 2986 nuntius;
1396 2913 1500 2974 inter-

358 3027 484 3108 rumpit
514 3025 633 3091 Sullae
664 3027 870 3100 orationem,
902 3028 1061 3108 repudiat
1086 3027 1310 3090 tentationem
1348 3048 1499 3110 negans,

359 3163 397 3205 se
427 3163 577 3225 unquam
608 3163 686 3205 eum
716 3143 945 3224 proditurum,
981 3143 1039 3224 qui
1072 3143 1137 3205 sibi
1170 3143 1351 3224 imperium
1385 3144 1500 3225 copiaw

359 3279 433 3320 rurn
475 3258 708 3321 commisisset.
765 3258 806 3320 In
848 3259 942 3322 hisce
977 3268 1091 3322 autem
1124 3259 1281 3322 omnibus
1323 3259 1407 3321 nihil
1438 3260 1499 3321 mi·
1616 3317 1617 3324 ,

359 3376 501 3436 randum
524 3384 586 3437 est.
632 3373 760 3437 Contra
782 3374 988 3437 Plutarchus
1010 3375 1113 3437 miras
1135 3394 1190 3436 res
1217 3375 1332 3456 prodit
1359 3385 1394 3437 et
1416 3375 1499 3456 quid

360 3491 496 3553 omnino
530 3489 723 3552 Archelaus
745 3491 831 3552 uelit
852 3511 921 3553 non
943 3490 1173 3572 intellegitur,
1196 3490 1261 3553 nisi
1284 3491 1313 3553 si
1335 3491 1499 3554 memine-

357 3605 474 3679 rimus,
506 3604 654 3681 Sullam,
689 3606 747 3688 qui
771 3615 911 3669 cunctas
945 3626 1001 3668 res
1037 3626 1115 3668 suas
1149 3607 1184 3668 in
1213 3608 1340 3669 bonam
1363 3616 1498 3688 partem

359 3721 470 3803 accipi
499 3721 622 3796 uoluit,
650 3722 684 3785 in
707 3721 958 3785 commentariis
989 3722 1058 3784 suis
1085 3722 1174 3784 hanc
1196 3742 1332 3804 quoque
1354 3743 1426 3784 rem
1450 3723 1498 3786 ita

359 3837 558 3900 narrauisse.

404 3952 494 4015 Dein
521 3953 557 4014 in
587 3952 837 4016 conditionibus
859 3952 955 4033 pacis
978 3953 1285 4016 commemorandis
1308 3953 1397 4016 alter
1419 3973 1497 4016 cum

358 4067 467 4129 altero
489 4068 581 4130 haud
604 4068 741 4131 omnino
765 4067 924 4130 conuenit
949 4067 1058 4150 (Pion
1085 4089 1144 4142 22;
1168 4068 1251 4130 Aee.
1277 4068 1338 4148 55).

405 4181 629 4264 Conloquium
652 4180 770 4247 Sullae
794 4192 830 4245 et
852 4182 1017 4245 Archelai
1039 4183 1195 4246 habitum
1218 4193 1271 4247 est
1293 4184 1386 4265 apud
1412 4183 1496 4246 Pno-

360 4317 514 4360 nmcuuu
537 4297 624 4362 Deli
641 4300 676 4361 in
699 4299 827 4380 oppido
848 4298 1024 4361 Boeotiae.

405 4403 510 4485 Apud
551 4407 633 4468 Am.
678 4427 719 4484 54
758 4405 878 4468 nullus
913 4405 1004 4467 leem
1037 4405 1212 4468 indicatur.
1264 4404 1365 4467 Nude
1398 4407 1495 4468 dicit:

361 4513 403 4603 „b
429 4511 465 4579 δὲ
492 4509 703 4608 (Ἀρχελαος)
732 4511 842 4606 Σύλλᾳ
869 4509 1039 4581 συνελθὼν
1068 4514 1101 4589 ἐς
1128 4512 1244 4605 λόγους
1271 4511 1392 4581 εἷπεν.”
