3284 5272
832 828 918 891 XX

348 1095 442 1159 Nihil
464 1098 664 1162 mutandum
687 1117 811 1160 censeo
835 1097 870 1160 in
892 1096 980 1160 Hou.
1004 1097 1053 1160 ad
1071 1095 1186 1162 Pz'ron.
1213 1121 1291 1177 310:
1331 1101 1446 1176 „Rem

303 1211 367 1276 tibi
390 1211 589 1278 Socraticae
612 1222 773 1304 poterunt
796 1215 977 1277 ostendere
1002 1215 1146 1278 cartae.’'

348 1327 426 1390 Non
462 1328 569 1410 igitur
603 1329 790 1410 legendum
820 1338 873 1392 est
908 1349 985 1392 cum
1008 1330 1190 1411 Alphonso
1214 1329 1378 1394 Heckero
1410 1342 1446 1395 et

304 1441 456 1505 Aemilio
490 1443 700 1506 Baehrensio
731 1441 884 1525 (Mz'scdl.
909 1442 999 1518 crit„
1029 1449 1129 1524 1879,
1153 1465 1185 1526 p.
1210 1451 1270 1524 46,
1295 1446 1348 1527 65)
1371 1446 1446 1508 Iso-

305 1557 453 1620 craticae
477 1567 601 1621 cartae.

824 1837 927 1901 XXI.

347 2115 419 2178 Lrv.
442 2115 473 2190 I,
502 2135 555 2194 17,
580 2135 597 2192 5
629 2113 697 2189 (ed.
722 2117 985 2192 Weissenborn,
1009 2116 1098 2179 Bibl.
1121 2117 1253 2179 Teubn.
1282 2122 1379 2196 1879,
1404 2119 1442 2180 P.

303 2230 334 2304 I,
364 2250 396 2311 p.
436 2229 485 2310 19)
519 2231 662 2313 legitur:
708 2230 839 2305 ,decem
879 2232 1137 2313 imperitabant,
1171 2251 1257 2294 unus
1287 2251 1364 2295 cum
1393 2233 1442 2294 in-

302 2345 457 2427 signibus
479 2345 612 2426 imperii
635 2355 671 2408 et
694 2346 871 2412 lictoribus
894 2356 982 2421 erat3
1007 2345 1152 2431 quinum
1178 2346 1309 2409 dierum
1330 2349 1441 2428 spatio
1493 2426 1495 2428 Ι

302 2457 483 2522 finiebatur
505 2460 683 2542 imperium
707 2482 748 2524 ac
771 2482 834 2543 per
857 2482 975 2525 omnes
997 2463 1032 2524 in
1056 2464 1175 2526 orbem
1198 2461 1295 2524 ibat.”

347 2573 573 2651 Crediderim,
598 2577 815 2641 scribendum
839 2599 915 2642 esse
938 2587 998 2640 aut
1009 2577 1118 2640 decem
1145 2613 1187 2624 -
1205 2575 1369 2662 quinque,
1382 2586 1441 2640 aut

302 2688 386 2752 dem'
414 2725 456 2736 -
478 2689 632 2775 qm'num.

810 2996 931 3060 XXII.

346 3273 444 3347 Tne„
479 3269 589 3346 Anu„
615 3271 680 3347 VI,
710 3294 745 3336 12
773 3282 869 3354 „post
892 3283 1049 3337 exustum
1075 3272 1196 3338 sociali
1221 3275 1316 3337 bello
1340 3273 1439 3354 Capi-

301 3387 448 3451 tolium.”

344 3504 413 3566 Pro
439 3501 561 3567 sociali
583 3505 653 3586 leg.
676 3501 782 3567 czirz‘lz'.

798 3781 936 3847 XXIII.

345 4061 498 4128 Inurum.
525 4083 561 4145 7,
589 4084 628 4142 23
653 4083 702 4146 sq.
750 4083 892 4139 „crocea
915 4066 1114 4127 membrana
1136 4063 1266 4127 tabella

299 4179 480 4265 impletur,
511 4180 683 4263 lignorum
707 4179 835 4262 aliquid
857 4200 963 4262 posce
986 4180 1081 4244 ocius
1104 4188 1139 4242 et
1162 4179 1276 4262 quae.''

344 4292 516 4378 Scriptum
546 4315 623 4359 esse
662 4296 796 4360 conicio
829 4305 951 4360 croceo
988 4333 1027 4342 -
1060 4297 1191 4360 tabells
1214 4323 1256 4350 =
1280 4315 1438 4358 croceam

300 4445 341 4455 -
365 4411 546 4486 tabellam
570 4419 643 4473 tum
671 4411 872 4493 „impletum
900 4410 1086 4493 lignorum”
1110 4410 1307 4473 mutandum
1335 4419 1388 4470 est
1403 4411 1439 4470 in

299 4526 447 4609 „implet,
470 4530 509 4589 tu
543 4526 739 4609 lignorum.''
