3286 5272
724 556 762 612 25

175 725 286 822 Σύλλᾳ
324 727 511 825 προςέθηκε
551 729 648 825 δόξης
687 729 739 798 καὶ
780 725 972 820 δυνάμεως,
1010 731 1168 796 τοσοῦτον
1197 723 1312 820 ἀφεῖλε

171 841 313 944 Μαρίου.
351 834 472 946 βραδὺς
499 848 562 946 γὰρ
601 847 712 944 ἐφάνη
739 856 810 926 ταῖς
837 847 1023 947 ἐπιβολαῖς,
1052 845 1147 915 ὄκνου
1175 870 1210 915 τε
1237 844 1312 941 περὶ

171 965 280 1036 πάντα
307 967 360 1037 καὶ
388 968 583 1065 μελλήσεως
611 967 819 1046 ὑπόπλεως.”

216 1087 245 1148 E
268 1087 391 1169 quibus
414 1088 559 1171 singulis
582 1089 649 1152 hoc
672 1089 754 1151 mihi
776 1088 1049 1152 concludendum
1071 1087 1222 1150 uidetur:

222 1225 247 1266 1.
263 1203 318 1265 Ex
340 1203 503 1285 Appiano
527 1207 657 1268 bellum
681 1205 867 1268 Marsicum
880 1204 1045 1287 cognosci
1057 1211 1186 1284 potest,
1202 1223 1222 1264 e
1233 1202 1314 1264 Plu·

172 1319 291 1381 tarcho
315 1318 469 1394 minime,
486 1321 551 1406 'qui
574 1340 686 1401 neque
710 1321 753 1382 de
777 1341 882 1383 causa
905 1319 1005 1394 belli,
1028 1338 1139 1400 neque
1160 1316 1313 1379 debello

173 1435 261 1516 ip80,
294 1456 406 1518 neque
441 1437 485 1498 de
520 1436 663 1519 singulis
698 1439 801 1499 rebus
836 1437 1020 1518 quidquam
1047 1435 1102 1497 hic
1129 1432 1313 1497 memoriae

174 1551 370 1631 prodiderit.

220 1687 247 1727 2.
283 1665 486 1729 Plutarchus
510 1687 635 1750 magna
659 1665 775 1730 adficit
791 1667 937 1729 Marium
953 1666 1074 1729 iniuria
1089 1666 1314 1729 obtrectando

176 1779 250 1842 eius
274 1781 446 1856 laudibu5‚
470 1780 562 1845 facta
585 1791 704 1845 contra
727 1780 845 1846 Sullae
870 1784 916 1844 ad
942 1780 1077 1845 coelum
1100 1782 1263 1845 tollendo.

708 2087 777 2158 §a

317 2216 368 2271 Da
393 2216 543 2274 fontibus
570 2218 751 2274 Plutarchi
778 2219 815 2273 et
841 2219 992 2287 Appiani
1017 2219 1054 2273 in
1081 2219 1177 2273 hisee

569 2315 676 2368 rebus
704 2315 918 2369 enarrandis.

220 2437 318 2502 Sulla
352 2448 388 2502 et
417 2438 535 2502 Liuius
558 2460 579 2500 a
601 2438 787 2504 Plutarcho
818 2450 975 2504 auctores
1006 2440 1219 2515 adferuntur,
1254 2441 1313 2503 ille

174 2541 287 2618 semel
306 2576 379 2638 cap.
406 2550 477 2635 5¹),
501 2556 628 2637 passim
652 2577 725 2638 cap.
751 2557 824 2638 6²),
848 2558 904 2620 hic
927 2559 1035 2621 semel
1059 2578 1132 2641 cap.
1157 2558 1224 2639 6³).

221 2671 371 2734 Contulit
408 2680 524 2734 tamen
561 2672 766 2736 Plutarchus
804 2673 897 2735 haud
927 2674 1030 2744 dubie
1064 2674 1180 2755 plures
1210 2674 1314 2755 scrip-

173 2796 277 2850 toreS.
324 2785 548 2869 Conloquium
582 2809 614 2851 u.
638 2809 666 2851 c.
702 2787 821 2853 Sullae
857 2810 936 2852 cum
970 2789 1118 2853 Caesare
1152 2786 1241 2875 (cap.
1268 2791 1313 2872 5l:

177 2901 446 2991 ,,ςρατηγοῦντος
468 2895 570 2965 αὐτοῦ
595 2900 713 2984 (Sulla)
729 2897 782 2966 καλ
794 2898 880 2993 προς
898 2893 1058 2990 Καίσαρα
1075 2895 1098 2977 ⁴)
1123 2897 1193 2990 μετ’
1212 2898 1313 2994 ὀργῆς

176 3014 366 3110 ,,εἱπούτυς,
401 3017 446 3095 ὡς
473 3018 637 3114 χρήσεται
671 3022 714 3113 τῇ
748 3017 813 3112 ἰδίᾳ
839 3019 921 3114 πρὸς
948 3017 1048 3087 αὐτὸν
1079 3018 1230 3112 ἐξουσίᾳ,
1263 3042 1314 3111 γε·

174 3133 304 3229 „hoium
332 3138 349 3204 ὁ
369 3132 501 3235 Καῖσαρ
530 3134 697 3234 ,,ὀρλλῶς”,
720 3135 809 3232 ἔφη,
826 3138 912 3233 υτὴν
932 3138 1042 3235 ἀρχὴν
1061 3138 1143 3208 ἰδίαν
1163 3137 1313 3230 νυμίζειςῑ

174 3255 285 3350 ,,ἔχεις
311 3255 374 3352 γὰρ
402 3257 506 3352 αὐτὴν
541 3254 740 3354 natatorio?
775 3263 916 3325 aliunde
935 3263 1041 3326 duxit.
1086 3261 1185 3326 Sulla
1208 3265 1313 3339 enim,

172 3394 285 3436 rerum
308 3396 444 3439 suarum
467 3377 643 3451 laudator,
667 3377 749 3439 talia
772 3377 1015 3440 memorauisse
1039 3378 1163 3459 nequit.

224 3591 250 3679 ¹)
276 3599 380 3676 Φησὶ
406 3605 477 3680 γάρ.

222 3699 249 3782 ²)
274 3706 341 3768 Kal
366 3706 426 3784 γὰρ
452 3706 493 3769 ἐν
519 3715 605 3780 τοῖς
628 3706 898 3785 ὑπομνήμασι
923 3704 1135 3786 γέγραφεν
1154 3703 1312 3769 -ἕτιδὲ

173 3807 349 3891 Λευκόλλῳ
378 3812 438 3890 μὲν
464 3814 503 3873 ἐν
528 3822 612 3887 τοῖς
636 3814 892 3894 ὑπομνήμασι
917 3820 1110 3894 παραινεῖ
1133 3849 1173 3856 -
1192 3813 1317 3892 ἱςορεῖ

175 3923 279 4001 χάσμα
314 3930 368 3999 τῆς
404 3931 460 4000 γῆς
494 3920 577 3998 μέγα
613 3921 770 3997 γενέσθαι
807 3957 848 3964 -
884 3923 999 3984 τοῦτον
1036 3916 1070 3980 δὲ
1103 3921 1202 3986 αὑτὸν
1228 3911 1313 3984 εἶναι’

176 4047 301 4110 φησιν
325 4027 344 4086 ὁ
366 4023 549 4100 Σύλλας.

221 4129 249 4217 3)
273 4130 335 4206 Ὣς
360 4155 457 4215 φησιν
482 4136 500 4196 o‘
523 4138 631 4208 Τίτος.

217 4236 242 4316 ⁴)
262 4239 372 4297 Utrum
395 4239 505 4298 Caesar
536 4238 583 4298 ille
603 4238 691 4298 suerit
716 4241 750 4298 L.
774 4238 865 4298 lulius
886 4240 997 4298 Caesar
1018 4241 1053 4298 L.
1075 4239 1094 4297 s.
1117 4239 1182 4297 Sex.
1205 4259 1233 4297 n.
1253 4258 1314 4298 coS.
1426 4229 1427 4232 ¹

177 4356 231 4413 90,
263 4355 302 4394 an
333 4336 368 4396 C.
398 4335 489 4396 Iulius
518 4338 628 4397 Caesar
656 4338 691 4398 C.
718 4338 737 4396 s.
767 4338 802 4397 C.
827 4358 856 4396 n.
878 4336 1032 4397 dictatoris
1053 4347 1138 4414 pater
1157 4335 1314 4407 nescimus,

176 4436 356 4509 Molmsan,
392 4439 424 4496 C.
454 4438 482 4495 l.
509 4437 545 4496 L.
567 4438 598 4511 Ι,
620 4458 650 4515 p.
673 4457 752 4519 4393
786 4439 843 4514 5³⁶
865 4456 909 4512 sq.
933 4472 971 4480 -—
990 4436 1237 4511 Cluuianum,
1260 4439 1314 4513 III,

176 4554 205 4611 p.
231 4536 287 4593 128
308 4544 370 4594 not.
394 4553 440 4614 55.
