3284 5272
842 515 901 586 ¹38

301 711 442 782 recepta
474 721 510 763 re
545 703 683 782 publica
712 701 812 763 bonis
845 701 948 763 initiis
983 702 1093 763 malos
1129 710 1272 764 euentus
1306 702 1439 774 habuit,

300 835 421 896 rapere
443 836 574 890 omnes,
599 818 749 890 trahere,
774 817 913 879 domum
936 815 1038 890 alius,
1062 815 1149 878 alius
1172 835 1275 897 agros
1299 835 1438 896 cupere,

299 950 410 1012 neque
445 934 582 994 modum
609 951 721 1013 neque
753 931 955 994 modestiam
985 931 1135 994 uictores
1163 930 1306 1004 habere,
1336 929 1439 993 foeda

301 1044 518 1127 crudeliaque
540 1046 575 1107 in
598 1045 681 1108 ciuis
703 1043 855 1108 facinora
877 1043 1001 1108 facere.
1047 1045 1114 1106 huc
1136 1043 1328 1106 adcedebat
1347 1044 1439 1125 quod

300 1159 338 1221 L.
373 1156 472 1222 Sulla
494 1160 695 1234 exercitum,
726 1179 829 1242 quem
858 1160 893 1221 in
924 1157 1012 1221 Asia
1043 1160 1260 1233 ductauerat,
1284 1179 1352 1241 quo
1374 1157 1440 1220 sibi

300 1273 404 1336 fidum
426 1273 571 1349 faceret,
595 1285 714 1338 contra
736 1294 866 1337 morem
889 1273 1055 1336 maiorum
1078 1274 1253 1337 luxuriose
1272 1274 1439 1355 nimisque

300 1389 487 1452 liberaliter
509 1391 677 1454 habuerat
701 1412 730 1453 e.
753 1411 784 1473 q.
812 1389 871 1464 εἶ’,

344 1515 382 1567 ut
403 1505 446 1567 de
469 1505 563 1568 fonte
586 1506 762 1570 Plutarchi
784 1525 853 1567 non
877 1505 1102 1568 dubitandum
1126 1524 1201 1568 esse
1229 1504 1392 1567 uideatur.

839 1785 900 1848 IV.

343 2044 522 2119 Claudius,
553 2048 597 2108 ab
632 2046 715 2110 App.
754 2047 842 2110 Gall.
877 2047 902 2110 I.
928 2069 945 2125 3
972 2049 1035 2128 (ed.
1060 2047 1305 2112 Mendelssohn
1336 2051 1437 2125 1879,

299 2161 367 2224 uol.
404 2161 429 2222 Ι.
463 2180 496 2241 p.
536 2161 588 2242 46)
626 2161 713 2224 falso
739 2162 883 2225 Paullus
908 2163 1187 2245 cognominatus,
1211 2160 1253 2244 Q.
1278 2161 1439 2225 Claudius

299 2273 545 2358 Quadrigarius
568 2297 645 2340 esse
668 2277 813 2341 uidetur.

847 2547 891 2612 V.

343 2805 465 2868 Utrum
489 2826 575 2887 opus
597 2808 690 2886 prius
702 2808 864 2888 scriptum
876 2809 934 2884 sit,
947 2798 1189 2900 Μιθραδάτειος
1212 2830 1256 2872 an
1271 2799 1434 2897 ἐμφύλια,
1486 2822 1490 2828 ·

299 2940 344 2981 ex
370 2919 445 3000 ipso
468 2919 631 3001 Appiano
651 2921 778 3004 conligi
804 2923 930 3005 nequit.

840 3148 900 3212 VI.

343 3357 420 3420 Iure
445 3358 560 3420 Auocu
581 3357 745 3431 Scuumu,
769 3359 830 3422 das
845 3357 1075 3423 Pere'kleuclze
1092 3358 1270 3434 Zetl‘alter,
1291 3366 1391 3440 1877,
1411 3362 1436 3423 Ι.
1465 3431 1472 3442 ¹

296 3492 329 3554 p.
354 3492 433 3552 279,
457 3473 554 3536 dicit:
583 3473 675 3548 „Der
697 3475 924 3538 Kimonische
947 3475 1071 3538 Friede
1090 3475 1134 3539 ist
1156 3476 1344 3558 allerdings
1360 3476 1436 3538 eine

296 3587 422 3661 Fabel;
446 3624 488 3632 -
513 3625 555 3632 -
581 3626 623 3633 -
646 3590 709 3653 der
730 3589 853 3653 Friede
876 3591 938 3653 des
961 3592 1099 3654 Kallias
1119 3593 1281 3674 dagegen
1305 3591 1349 3655 ist
1361 3592 1436 3654 eine

296 3702 531 3765 vollkommen
550 3701 683 3766 sichere
706 3704 921 3781 Thatsache,
944 3707 1000 3769 die
1013 3707 1087 3770 sich
1098 3709 1188 3770 nach
1199 3708 1261 3770 der
1272 3704 1437 3772 Schlacht

295 3818 387 3880 beim
409 3819 620 3902 kyprischen
641 3817 789 3884 Salamis
814 3843 878 3901 449
903 3823 1068 3904 vollzog.”

825 4047 903 4110 VH.

341 4255 441 4317 Pcur.
465 4253 551 4319 Sull.
577 4276 594 4333 5
620 4257 684 4337 (ed.
707 4253 873 4331 Sintenis,
894 4258 997 4333 Tbn.,
1026 4264 1127 4339 1879,
1151 4260 1218 4321 uol.
1241 4260 1291 4334 H,
1314 4281 1346 4340 p.
1360 4261 1436 4340 421)

298 4368 452 4466 „Sullae
478 4371 531 4441 ἐπὶ
558 4372 740 4469 ςρατηγίαν
768 4369 969 4474 [πολιτικὴν]
998 4373 1249 4474 ἀπεγράψατο.”

340 4491 535 4554 Delendum
558 4493 651 4574 quod
674 4492 806 4556 uncinis
834 4493 965 4558 inclusi.
