3286 5272
757 535 796 594 47

206 711 297 783 dere,
314 719 385 772 tum
401 709 605 772 decubuisse
622 717 753 790 septem
770 709 936 771 continuis
948 709 1068 772 diebus
1085 719 1120 772 et
1135 710 1182 772 ita
1199 709 1345 773 animam

207 826 340 890 efflasse
360 822 388 907 ¹).
869 908 872 913 Ι

251 942 291 1005 In
307 943 378 1017 die,
401 961 469 1024 quo
501 941 631 1004 Marius
655 951 807 1008 mortuus
830 942 891 1017 sit,
914 943 1065 1005 notando
1089 944 1182 1005 haud
1204 943 1293 1006 inter
1308 964 1345 1005 se

207 1059 439 1141 conspirantes
462 1059 619 1140 antiquos
643 1059 929 1140 deprehendimus
952 1058 1144 1140 scriptores.
1190 1059 1306 1122 Liuius
1322 1059 1344 1140 ²)

207 1175 297 1238 enim
320 1184 355 1238 et
377 1175 500 1238 Florus
517 1174 539 1255 3)
561 1176 715 1250 tradunt,
731 1174 878 1237 Marium
895 1175 1019 1238 obiisse
1035 1175 1153 1240 Idibus
1172 1175 1345 1250 Ianuariis,

206 1291 448 1372 Plutarchus)
478 1291 611 1366 scribit,
636 1312 714 1354 eum
745 1292 800 1354 die
823 1292 957 1354 decimo
981 1292 1126 1374 septimo
1151 1293 1346 1355 consulatus

207 1407 342 1489 septimi
381 1407 580 1470 excessisse.
638 1406 793 1469 Velleius
816 1406 839 1486 ⁵)
878 1416 1010 1482 autem,
1049 1406 1273 1489 Appianis)
1312 1416 1347 1469 et
1384 1459 1387 1468 .

208 1521 349 1586 Orosius
364 1523 386 1602 7)
410 1543 562 1585 mensem
585 1523 688 1584 modo
712 1522 858 1604 primum
881 1522 955 1585 initi
978 1523 1197 1605 magistratus
1220 1543 1347 1586 memo·

206 1651 283 1702 rant
299 1639 329 1722 ⁰).
376 1639 586 1720 Diodorus)
609 1640 774 1720 prodens,
803 1639 949 1702 Marium
979 1639 1044 1702 sibi
1066 1641 1178 1721 ipsum
1200 1650 1346 1702 mortem

207 1757 412 1819 consciuisse
436 1756 681 1829 uoluntariam,
705 1755 884 1819 manifesto
908 1757 942 1818 in
966 1776 1081 1818 errore
1105 1766 1268 1819 uersatur.

745 2034 811 2104 §a

243 2219 440 2281 Quaeritur,
461 2219 555 2274 unde
580 2217 791 2272 Plutarchus
814 2220 850 2271 et
867 2217 1049 2283 appianus
1073 2230 1135 2271 sua
1158 2218 1201 2271 de
1211 2219 1314 2271 saetis

289 2315 404 2370 sullae
428 2317 464 2369 et
487 2315 591 2368 Marii
608 2315 645 2367 in
662 2313 840 2380 prioribus
858 2313 943 2366 belli
961 2313 1075 2366 ciuilis
1093 2325 1204 2378 usque
1224 2313 1268 2366 ad

465 2410 567 2463 Marii
585 2421 766 2463 excessum
785 2409 884 2461 annis
901 2408 1092 2462 hauserint.

330 2555 356 2617 I.
379 2554 478 2617 Piur.
496 2551 582 2620 Sall.
630 2559 740 2616 8—10
757 2581 798 2607 z
814 2553 897 2615 Aer.
913 2553 954 2616 B.
975 2551 1009 2616 C.
1025 2552 1050 2615 I.
1069 2557 1213 2632 55—603
1227 2559 1278 2631 63.

312 2671 355 2734 H.
379 2671 477 2732 Piur.
494 2669 586 2732 Mar.
605 2690 738 2747 35—40
755 2697 795 2723 ε
812 2669 895 2731 Aer.
910 2669 952 2732 B.
972 2669 1006 2732 C.
1023 2667 1046 2731 I.
1064 2674 1122 2743 61,
1140 2673 1190 2731 62.

297 2787 357 2850 IH.
380 2787 480 2849 PLUT.
495 2787 588 2850 Mor.
606 2792 737 2864 ruff-46
755 2813 796 2840 =
812 2785 894 2848 ΑΡΡ.
912 2786 953 2847 B.
973 2785 1007 2848 C.
1023 2784 1049 2846 I.
1068 2789 1208 2864 64-75.

238 2997 393 3076 '¹)P1.uT.
425 2999 512 3057 Mar.
545 3015 599 3075 45:
633 3001 704 3078 „rig
736 3004 831 3062 νόσον
862 2999 1053 3081 κατηνέχθη
1084 2997 1270 3080 πλευρῖτιν,
1306 3002 1348 3070 ὡς

211 3111 311 3189 ἱςορεῖ
332 3105 625 3178 Ποσειδώνιος
657 3102 953 3187 όφιλόσοφος,
983 3105 1080 3178 αὐτὸς
1109 3101 1267 3178 rigaltio
1292 3108 1347 3166 καὶ

210 3213 428 3299 διαλεχθῆναι
454 3219 524 3298 περὶ
547 3199 594 3280 ὧν
620 3211 813 3296 ἐπρέσβευεν
839 3211 900 3296 ἤδη
918 3217 1066 3275 νοσοῦντι
1098 3220 1227 3291 φάσκων
1249 3211 1348 3292 αὐτῷ.

211 3326 344 3395 Γάιος
376 3321 410 3384 δέ
437 3346 485 3395 τις
510 3321 695 3393 Πείσων,
719 3324 800 3401 ἀνὴρ
828 3323 983 3401 ἱςορικὸς,
1010 3324 1108 3403 ἱςορεῖ
1132 3322 1188 3384 τὸν
1213 3323 1347 3402 Μάριον

209 3429 274 3493 ἀπὸ
299 3427 434 3494 δείπνου
458 3440 704 3512 περιπατοῦντα
730 3425 815 3492 κτὲ.”
846 3464 887 3471 -
918 3427 964 3485 De
986 3424 1103 3484 duobus
1125 3423 1205 3483 hisce
1226 3423 1349 3500 scripto-

210 3534 291 3594 ribus
311 3533 372 3593 uid.
392 3533 468 3592 infra
488 3532 531 3614 (p.
554 3549 593 3609 54
614 3533 701 3612 sqq.)

253 3633 366 3712 ².)L1v
388 3652 451 3709 per.
473 3633 593 3690 LXXX.

254 3732 278 3812 3)
298 3734 392 3791 FLOR.
413 3733 453 3789 ΙΙ.
475 3751 503 3808 9.
529 3749 574 3806 17.

253 3831 278 3910 4)
298 3833 395 3892 Piur.
415 3831 502 3889 Mar.
524 3833 572 3902 46.

165 3946 171 3962 ·
254 3930 278 4011 ⁵)
299 3933 392 3990 VELL.
415 3931 454 3988 II.
478 3949 582 4103 237

254 4030 279 4164 ῗ)
299 4033 377 4089 ΑΡΡ.
397 4031 438 4088 Β.
464 4029 543 4088 C.I.

254 4228 368 4308 ⁸)Vid.
400 4227 438 4286 de
470 4229 527 4285 hac
558 4223 731 4303 quaestione
762 4226 796 4282 L.
824 4225 850 4298 J.
881 4224 925 4280 W.
948 4223 1042 4295 Surr,
1069 4222 1296 4281 obseruationes
1316 4223 1348 4277 in

212 4329 377 4388 Plutarchi
397 4329 489 4384 uitam
515 4328 548 4386 C.
570 4325 689 4392 Marii,
713 4322 811 4381 Siluae
833 4320 927 4381 Ducis
951 4322 1048 4396 1878,
1070 4341 1098 4396 p.
1124 4339 1180 4396 149
1202 4338 1267 4395 sqq.

255 4426 279 4510 9)
314 4429 428 4499 D10D.‚
458 4425 506 4485 ed.
537 4425 680 4496 Mueller,
712 4420 803 4480 Paris.
827 4420 920 4480 Didot
944 4422 1034 4493 1842,
1057 4429 1129 4477 tom.
1151 4420 1199 4490 Il,
1222 4439 1252 4494 p.
1274 4420 1347 4492 614:

216 4529 410 4614 ,,μετε’ςησεν
440 4529 557 4591 ἑαυτὸν
585 4528 619 4587 ἐκ
644 4534 699 4590 τοῦ
727 4524 784 4603 ζῆν
806 4522 988 4596 ἑκουσίως.”
