3286 5272
338 1396 421 1459 App.
445 1397 525 1459 ibid.

173 1538 256 1636 „llic
278 1543 295 1610 ὁ
314 1536 444 1637 Βόκχος
463 1541 550 1636 ἔφη,
573 1535 742 1630 Ρωμαίαις

76 1641 78 1648 ¹
111 1661 313 1756 πολεμῆσαι
340 1660 392 1730 διὰ
410 1655 552 1757 Μάριον·
575 1664 638 1753 γῆν
660 1657 741 1755 γὰρ,

113 1780 162 1876 ἣν
178 1781 278 1858 αὐτὸς
292 1777 460 1877 Ἰογόρθαν
477 1779 646 1875 ἀφείλετο,
660 1780 743 1875 πρὸς

115 1896 252 1999 Μαρίου
280 1907 336 1970 νῦν
374 1899 609 2000 ἀφῃρῆσθαι.”

242 2609 325 2672 App.
348 2609 454 2672 Num.
478 2608 526 2692 fg.
552 2606 618 2687 5¹).

175 2748 268 2845 „‘'0u
283 2754 301 2821 ὁ
315 2747 444 2848 Βόκχος
464 2753 595 2848 ἑτέρους
614 2751 744 2847 ἔπεμψε

115 2871 297 2971 πρέσβεις,
319 2873 352 2941 αἵ
376 2868 506 2969 Μαρίου
529 2871 588 2964 μὲν
603 2871 743 2964 ’ἔμελλον

115 2991 199 3088 περὶ
230 2993 366 3089 εἰρήνης
394 2990 609 3089 ὃεήσεσλαι.”
658 3010 660 3016 ’

340 3707 423 3771 App.
447 3708 526 3771 ibid.

179 3865 331 3967 ,Μάριον
368 3870 395 3940 δ’
427 3870 538 3964 ἠξίου,
567 3867 695 3940 Σύλλαν
718 3874 749 3940 αἱ

122 3991 255 4087 πέμψαι
287 3989 455 4061 συνελθεῖν
483 3992 516 4068 ἐς
543 3989 670 4083 λόγους,
696 3991 748 4059 καλ

124 4107 254 4208 Μάριος
280 4111 339 4204 μὲν
361 4111 490 4202 ἔπεμπε
511 4111 566 4179 τλν
588 4108 747 4179 Σύλλαν.”

755 511 791 568 ¹3

794 682 904 744 Mario
917 683 1089 764 petinere,
1106 684 1192 746 duos
1205 703 1308 765 quam
1324 682 1415 746 fidis·

794 819 909 862 sumos
932 800 977 860 ad
993 819 1071 861 eum
1087 799 1251 875 mitterem
1267 801 1360 862 uelle
1372 801 1416 862 de

794 936 832 977 se
867 924 902 978 et
932 916 976 977 de
1007 915 1127 996 populi
1149 915 1302 978 Romani
1326 936 1416 978 com-

795 1033 898 1094 modo
941 1052 1020 1094 cum
1051 1032 1104 1094 his
1140 1033 1317 1096 disserere.
1352 1033 1417 1095 Ille

796 1149 911 1211 statim
945 1149 983 1211 L.
1019 1146 1153 1212 Sullam
1185 1157 1221 1211 et
1251 1148 1295 1212 A.
1319 1149 1418 1212 Man·

796 1255 880 1318 lium
902 1256 951 1318 ire
974 1255 1097 1318 iubet.''

1009 1396 1104 1461 Sin.
1128 1397 1208 1460 ibid.

843 1538 921 1614 „Ad
955 1561 997 1602 ea
1030 1539 1190 1603 Bocchus
1220 1540 1356 1623 placide
1383 1550 1419 1602 et

794 1655 960 1738 benigne,
973 1657 1074 1718 simul
1089 1676 1200 1739 pauca
1210 1675 1274 1738 pro
1290 1656 1418 1720 delicto

795 1791 857 1833 suo
880 1773 988 1833 uerba
1017 1770 1115 1834 facit:
1143 1792 1180 1834 se
1207 1792 1276 1834 non
1303 1772 1419 1834 hostili

795 1888 924 1962 animo,
945 1889 1006 1950 sed
1018 1890 1063 1951 ob
1075 1908 1221 1972 regnum
1240 1890 1419 1951 tutandum

796 2023 891 2066 arma
929 2005 1077 2085 cepisse:
1115 2025 1196 2066 nam
1237 2005 1419 2068 Numidiae

796 2132 946 2201 partem,
970 2123 1060 2183 unde
1085 2121 1119 2183 ui
1141 2121 1344 2204 Iugurtham
1361 2143 1419 2184 ex-

797 2237 938 2317 pulerit,
962 2237 1034 2299 iure
1058 2238 1142 2299 belli
1165 2257 1263 2300 suam
1278 2238 1419 2314 factam;

800 2372 877 2414 eam
908 2353 1036 2414 uastari
1063 2355 1107 2414 ab
1131 2353 1242 2415 Mario
1266 2355 1339 2435 pati
1362 2375 1419 2416 ne·

798 2468 975 2547 quiuisse.''

975 2609 1070 2674 SALL.
1093 2611 1137 2674 id.
1170 2629 1240 2690 103.
1406 2586 1413 2636 l

846 2755 953 2827 „Tum
983 2774 1098 2816 rursus
1127 2755 1286 2818 Bocchus
1311 2793 1351 2800 —
1377 2793 1418 2801 —

798 2890 843 2930 ex
881 2871 972 2932 omni
1014 2871 1114 2952 copia
1151 2873 1419 2935 necessariorum

797 2986 946 3067 quinque
982 2988 1114 3069 delegit
1146 3025 1187 3032 -—
1216 3025 1257 3032 --
1282 3009 1342 3050 eos
1376 2991 1420 3050 ad

798 3102 945 3164 Marium
974 3123 1016 3164 ac
1047 3103 1186 3177 deinde,
1216 3105 1244 3166 si
1267 3105 1420 3185 placeat,

798 3219 949 3280 Romam
973 3219 1108 3301 legatos
1124 3220 1173 3281 ire
1188 3220 1299 3294 iubet3
1316 3240 1421 3302 agen-

800 3335 919 3398 darum
968 3354 1081 3397 rerum
1128 3346 1163 3398 et
1218 3356 1421 3418 quocunque

799 3451 902 3513 modo
937 3451 1022 3513 belli
1056 3452 1284 3531 componendi
1318 3452 1421 3513 licen-

800 3567 884 3629 tiam
906 3567 1097 3648 permittit.”

979 3707 1074 3772 SALL.
1100 3709 1143 3770 id.
1172 3729 1242 3786 105.

848 3865 952 3948 „Quis
974 3869 1077 3929 rebus
1101 3868 1248 3949 cognitis
1263 3868 1422 3930 Bocchus

800 4001 862 4062 per
884 3983 1015 4045 litteras
1039 4004 1060 4044 a
1083 3981 1193 4045 Mario
1217 3983 1355 4063 petiuit,
1372 3984 1422 4046 uti

801 4096 932 4162 Sullam
972 4101 1016 4161 ad
1050 4120 1087 4162 se
1123 4100 1286 4174 mitteret,
1326 4098 1421 4163 cuius

801 4216 967 4278 arbitratu
989 4216 1033 4276 de
1056 4215 1293 4277 communibus
1315 4235 1421 4298 nego-

801 4331 856 4393 tiis
880 4332 1121 4394 consuleretur.
1138 4330 1172 4391 Is
1185 4331 1306 4392 missus
1319 4331 1421 4394 caet.'’

253 4498 271 4579 ¹)
292 4499 349 4558 Ed.
374 4457 584 4558 Mendelssohn
605 4500 701 4574 1879,
723 4498 791 4556 Vol.
813 4499 835 4555 I.
859 4518 888 4574 p.
913 4515 981 4573 325·
