3284 5272
841 478 900 534 108

344 665 523 727 Norbanus
540 664 692 746 Capuam
710 685 748 727 se
764 665 902 745 recepit
926 665 1015 726 Tum
1031 665 1147 746 paullo
1163 675 1243 746 post
1257 675 1348 728 totus
1364 664 1435 729 Sci-

298 781 409 863 pionis
431 781 603 844 exercitus
625 783 670 844 ad
693 779 826 845 Sullam
849 781 982 846 transiit
1005 791 1040 844 et
1066 781 1205 864 quidem
1227 782 1293 845 hoc
1319 783 1434 844 modo:

300 897 484 973 exercitus,
515 918 618 980 quem
649 895 766 979 Scipio
797 898 962 974 ducebat,
998 898 1151 979 trepidus
1187 908 1260 961 erat
1284 908 1319 961 et
1340 898 1436 980 pacis

298 1015 409 1097 magis
431 1035 533 1097 quarn
555 1035 695 1098 pugnae
719 1015 872 1096 cupidus
896 1013 1001 1096 Quod
1023 1012 1122 1078 Sulla
1137 1015 1343 1097 intellegens
1358 1036 1435 1078 cum

299 1129 460 1213 Scipione
483 1133 526 1194 de
550 1131 732 1195 concordia
755 1132 842 1214 egit,
872 1151 1013 1213 sperans
1044 1130 1117 1194 fore
1139 1140 1177 1194 ut
1199 1131 1248 1194 ita
1271 1132 1434 1194 dissensio

299 1248 442 1311 oriretur
463 1248 498 1310 in
521 1248 675 1311 exercitu
698 1248 855 1311 consulis.
902 1246 1126 1329 Conloquium
1149 1247 1304 1311 habitum
1326 1248 1436 1310 estin

300 1375 422 1437 campo
456 1355 549 1437 apud
576 1356 746 1429 Teanum,
782 1355 841 1418 ubi
870 1363 982 1418 castra
1009 1354 1129 1418 metati
1153 1363 1250 1418 erant
1280 1352 1379 1418 Sulla
1400 1363 1436 1417 et

297 1471 468 1535 Metellus.
514 1470 754 1535 Conuenerunt
777 1480 893 1548 autem
915 1471 1073 1552 utrinque
1097 1470 1198 1545 terni,
1215 1490 1283 1552 quo
1306 1470 1435 1535 factum

299 1597 366 1663 est,
389 1598 427 1651 ut
449 1608 549 1651 nemo
572 1588 653 1670 quid
669 1588 841 1651 conlocuti
856 1589 923 1651 sint
938 1587 1148 1670 cognouerit.
1172 1585 1288 1669 Scipio
1304 1586 1434 1650 misisse

298 1705 433 1768 uidetur
444 1702 633 1768 Sertorium
645 1705 689 1766 ad
701 1705 885 1786 conlegam
899 1703 1170 1766 communicandi
1181 1702 1313 1765 consilii
1325 1721 1434 1766 causa.

298 1820 353 1882 Ex
376 1820 496 1883 itinere
519 1818 707 1894 Sertorius,
731 1839 926 1902 quanquam
941 1819 1077 1883 interim
1100 1819 1257 1901 utrinque
1273 1819 1317 1880 ab
1334 1795 1435 1881 armis

298 1945 467 2000 cessatum
490 1945 579 2010 erat,
603 1934 765 1999 Suessam
788 1955 878 2018 quae
894 1955 957 2017 pro
973 1933 1072 1999 Sulla
1091 1936 1222 2010 stabat,
1244 1933 1433 2015 occupauit.

297 2053 385 2116 Tum
419 2050 550 2136 Scipi0,
582 2053 654 2116 siue
686 2051 769 2117 facti
804 2053 958 2116 conscius
987 2052 1060 2115 siue
1095 2051 1177 2138 quid
1211 2051 1435 2132 responderet

297 2168 458 2243 incertus,
483 2168 637 2243 obsides,
661 2188 747 2249 quos
776 2188 797 2231 a
821 2166 920 2232 Sulla
945 2168 1111 2241 habebat,
1133 2165 1290 2230 reddidit.
1321 2163 1434 2246 Quare

297 2285 468 2348 exercitus
489 2281 677 2366 Scipionis,
711 2304 781 2347 non
811 2284 957 2364 amplius
984 2281 1181 2346 ductoribus
1203 2280 1326 2355 fratria,
1361 2280 1434 2344 sine

296 2419 392 2462 mora
414 2400 459 2462 ad
482 2397 613 2462 Sullam
636 2399 776 2462 transiit.
823 2397 939 2480 Scipio
973 2419 1050 2462 cum
1080 2397 1151 2460 filio
1174 2396 1282 2460 Lucio
1304 2397 1340 2460 in
1364 2406 1435 2460 ten·

296 2516 383 2578 torio
408 2536 428 2578 a
451 2513 600 2578 Sullanis
623 2515 827 2600 deprehensi
854 2517 957 2578 ambo
980 2515 1168 2578 incolumes
1194 2514 1322 2577 dimissi
1348 2521 1434 2576 sunt.

297 2629 407 2694 Simul
422 2631 467 2694 ad
481 2631 680 2696 Norbanum
697 2631 851 2713 Capuam
869 2632 955 2694 alios
981 2609 1119 2694 mittens
1137 2631 1277 2714 legatos
1294 2630 1434 2692 easdem

298 2767 382 2829 quas
421 2745 574 2830 Scipioni
608 2746 707 2812 Sulla
750 2749 782 2811 ei
820 2750 974 2812 struebat
1008 2747 1161 2821 insidias;
1198 2747 1261 2809 sed
1293 2755 1435 2808 conatus

297 2863 370 2925 eius
404 2883 444 2926 ac
479 2864 549 2926 doli
582 2864 671 2928 inriti
699 2863 844 2928 fuerunt.
891 2862 1004 2927 Carbo
1028 2863 1178 2943 interim,
1213 2862 1331 2925 consul
1354 2860 1433 2924 anni

297 2979 495 3060 superioriS,
531 2977 661 3055 effecit,
690 2989 729 3043 ut
759 2979 921 3043 Metellus
955 2979 1097 3061 aliique,
1121 2986 1288 3060 quotquot
1316 2975 1434 3040 Sullae

297 3094 467 3172 sanctem,
492 3117 513 3158 a
536 3094 570 3161 S.
594 3097 631 3160 P.
656 3095 697 3178 Q.
720 3096 766 3159 R.
790 3097 908 3159 hostes
930 3096 1166 3158 iudicarentur.

343 3209 547 3294 Capitolium
569 3202 654 3289 'cum
689 3213 739 3276 eis
773 3212 855 3293 ipsis
878 3211 999 3274 diebus
1034 3209 1260 3292 deflagrasset
1275 3207 1328 3291 (cf.
1352 3209 1434 3272 Tre.

298 3325 407 3404 Anu„
430 3327 495 3404 VI,
525 3350 581 3404 12;
614 3330 659 3392 id.
683 3327 792 3404 Jn'st„
816 3329 885 3403 ΙΙΙ,
911 3327 980 3410 72),
1015 3327 1131 3390 uarius
1153 3345 1268 3389 rumor
1298 3325 1370 3389 siue
1399 3325 1434 3387 in

300 3444 505 3517 Carbonem,
545 3446 616 3508 siue
650 3447 685 3508 in
720 3447 892 3520 consules,
921 3446 995 3508 siue
1031 3445 1065 3506 in
1099 3444 1270 3527 quendam
1292 3463 1314 3506 a
1336 3440 1435 3507 Sulla

299 3561 503 3624 submissum
526 3562 753 3643 suspicionem
776 3561 887 3624 uertit

344 3673 514 3740 Sertorius
535 3676 736 3759 Hispaniam
748 3677 886 3740 sortitus
898 3677 932 3740 in
944 3675 1153 3758 prouinciam
1165 3693 1261 3737 suam
1271 3672 1434 3756 profugit.

343 3791 528 3856 Praeterea
550 3793 645 3855 uaria
668 3794 712 3855 ab
735 3792 897 3874 Appiano
913 3791 1104 3855 referuntur
1119 3790 1291 3873 prodigia,
1311 3789 1435 3870 quibus

299 3907 458 3971 diuinitus
480 3909 694 3973 calamitates
716 3909 886 3972 Romanis
907 3908 1212 3990 praesagiebantur
1227 3906 1388 3989 (79—86).

345 4023 509 4088 Consules
532 4027 610 4088 anni
642 4032 681 4089 82
707 4025 843 4089 fuerunt
872 4024 1028 4106 Papirius
1056 4023 1167 4089 Carbo
1190 4023 1225 4086 II
1247 4032 1283 4086 et
1305 4021 1434 4085 Marius

299 4138 386 4204 filius
409 4139 520 4205 fratris
542 4141 657 4217 Marii,
680 4142 738 4224 qui
768 4123 887 4205 Sullae
909 4139 1021 4204 fuerat
1043 4140 1257 4203 aduersarius
1267 4134 1303 4221 ¹),
1327 4157 1433 4200 annos

348 4402 368 4484 ¹)
389 4402 535 4466 Omnibus
556 4403 618 4464 aliis
638 4405 717 4484 (Lrv.
735 4423 797 4480 per.
819 4403 985 4462 LXXXVI.
1004 4404 1151 4461 -Vaun
1164 4403 1209 4474 ἸΙΙ,
1223 4404 1271 4461 26.
1290 4435 1326 4446 -
1345 4402 1431 4460 Pin.

305 4502 348 4563 N.
357 4505 399 4562 H.
408 4503 549 4576 XXXIII,
561 4521 587 4580 5.
601 4538 638 4546 -
650 4505 746 4562 Puur.
758 4504 844 4573 Sall„
858 4504 905 4576 283
917 4503 1013 4575 Mar„
1025 4505 1072 4576 46.
1090 4535 1129 4545 -
1140 4501 1291 4572 Eurum„
1302 4502 1341 4560 V.
1353 4501 1380 4560 8.
1392 4534 1431 4544 -
