3286 5272
275 1573 526 1636 Lubentissime
554 1575 684 1636 hancce
715 1573 904 1655 amplector
927 1573 1142 1636 occasionem
1165 1572 1258 1635 Viris
1280 1573 1366 1634 Arn-

231 1715 406 1797 plissimis,
435 1715 493 1796 qui
516 1715 598 1776 mihi
621 1735 683 1796 per
705 1715 852 1797 spatium
875 1735 989 1777 meum
1012 1715 1245 1778 academicum
1268 1715 1364 1777 Men·

231 1869 323 1922 tores
357 1859 476 1939 optimi
509 1857 657 1932 fuerunt,
692 1858 818 1940 agendi
852 1858 990 1940 gratias.
1044 1856 1138 1938 Quas
1181 1859 1214 1919 in
1249 1857 1365 1938 primis

231 2000 310 2064 Tibi
339 2000 516 2081 persoluo,
547 1998 611 2062 Vir
642 1998 836 2063 Clarissime
866 1999 1018 2075 Wmtrtr,
1046 2010 1222 2081 promotor
1250 2010 1361 2062 aestu·

231 2141 430 2217 matissime·,
461 2143 520 2224 qui
553 2142 643 2204 mihi.
669 2161 737 2204 non
760 2142 872 2204 solum
894 2161 957 2223 per
979 2162 1080 2205 omne
1102 2142 1187 2206 illud
1209 2153 1362 2224 tempus,

233 2284 326 2363 quod
348 2283 383 2344 in
405 2285 471 2346 hac
493 2283 713 2346 uniuersitate
730 2293 885 2346 uersatus
907 2303 999 2358 sum,
1022 2284 1084 2345 sed
1098 2269 1206 2364 usque
1221 2284 1367 2347 adhunc

232 2423 338 2498 diem,
379 2424 578 2505 praesertim
615 2424 650 2486 in
688 2425 796 2488 hacce
830 2424 1067 2487 dissertatione
1106 2424 1365 2501 conscribenda,

229 2575 367 2647 praesto
389 2563 494 2629 fueris
522 2565 676 2629 doctrina
699 2576 735 2629 et
757 2565 999 2629 beneuolentia
1022 2567 1106 2630 Tua.

276 2706 429 2769 Maxima
451 2706 607 2789 profecto
626 2706 750 2782 Vobis,
770 2706 845 2770 Viri
868 2707 1053 2771 Clarissimi
1068 2730 1135 2771 VAN
1153 2709 1366 2774 HstsRnsN

230 2859 266 2911 et
299 2848 495 2924 Famem,
531 2870 552 2910 a
586 2869 642 2911 me
675 2849 821 2912 habetur
855 2850 976 2932 gratia.
1027 2850 1200 2914 Uberrimi
1234 2849 1363 2915 fructus

229 3001 323 3065 sunt,
346 3010 432 3072 quos
455 3012 475 3054 e
497 2990 631 3054 Vestris
642 2993 781 3073 percepi
800 2992 1019 3067 lectionibus,
1034 3013 1119 3075 quas
1134 3013 1190 3056 me
1205 2991 1360 3075 frequen-

230 3141 321 3194 tasse
348 3152 456 3214 usque
484 3133 648 3197 laetabor.
694 3133 821 3197 Vestra
851 3153 937 3218 erga
964 3154 1020 3197 me
1047 3135 1169 3198 merita
1194 3155 1365 3216 nunquam

230 3273 421 3337 obliuiscar.

273 3413 386 3478 Etiam
408 3414 494 3488 Tibi,
517 3417 575 3498 qui
590 3436 679 3480 nunc
694 3437 732 3480 es
748 3419 831 3481 rude
847 3418 1000 3494 donatus,
1013 3417 1235 3500 Amplissime
1247 3419 1365 3494 Bana,

230 3556 325 3618 cuius
346 3576 518 3638 nunquam
540 3558 623 3620 mihi
646 3557 752 3622 defuit
774 3560 982 3635 humanitas,
1005 3581 1046 3624 ac
1058 3560 1154 3636 Tibi,
1169 3560 1363 3624 Clarissime

231 3697 425 3774 Onomar,
464 3700 522 3780 qui
555 3701 675 3764 studiis
707 3703 793 3765 meis
826 3722 954 3786 magna
987 3723 1123 3785 semper
1156 3704 1361 3768 liberalitate

228 3838 357 3914 fauisti,
385 3860 441 3903 me
465 3842 670 3922 permultum
693 3844 820 3907 debere
843 3855 944 3927 grato
967 3845 1080 3908 animo
1102 3844 1272 3927 profiteor.
