3284 5272
722 560 788 630 65·

217 745 472 808 Existimauerit
493 746 676 827 quispiam,
701 745 898 827 Appianum
922 747 1054 808 duobus
1066 747 1150 810 locis
1163 748 1309 811 laudatis

172 860 306 923 Liuium
328 862 538 942 inspexisse,
563 882 640 925 cum
663 882 732 924 non
755 861 890 924 differat
914 864 958 923 ab
976 861 1114 938 Orosi0,
1138 865 1195 944 qui
1219 885 1309 927 com-

172 977 298 1057 pilator
320 977 408 1040 Liuii
432 987 484 1040 est
502 973 536 1059 ¹),
560 999 672 1059 neque
689 998 709 1039 a
725 978 855 1053 Dione,
879 979 937 1059 qui
960 988 1097 1061 praeter
1109 980 1194 1041 alios
1207 981 1309 1061 scrip·

172 1103 264 1155 tores
286 1093 420 1156 Liuium
443 1094 671 1156 uerisimiliter
694 1095 838 1157 contulit
853 1094 883 1174 ²).

218 1209 295 1272 Hoc
318 1219 433 1272 tamen
456 1231 525 1273 non
548 1211 661 1273 crede.

218 1324 315 1399 App,
349 1323 471 1388 anthr.
510 1331 639 1402 24-28
664 1325 751 1399 init,
783 1325 1051 1406 locupletissime
1074 1325 1193 1387 Rhodi
1209 1327 1309 1399 =obsi-

172 1441 308 1503 dionem
343 1442 485 1522 exponit
516 1451 552 1503 et
586 1441 842 1504 adcuratissime
878 1441 1052 1516 describit,
1088 1461 1194 1521 quare
1223 1441 1309 1504 haec

171 1557 254 1618 mihi
277 1577 296 1618 e
319 1557 503 1626 Posidonio
519 1558 621 1620 ducta
637 1557 811 1630 uidentur,
828 1577 930 1638 quern
947 1557 1018 1619 ueri
1035 1567 1087 1619 est
1102 1557 1309 1619 simillimum

170 1673 220 1734 illi
243 1672 490 1754 oppugnationi
513 1683 637 1735 testem
661 1671 824 1746 adfuisse,
848 1672 976 1753 quippe
999 1693 1100 1753 quern
1115 1674 1309 1735 nouerimus

170 1787 287 1868 paullo
310 1797 389 1870 post
411 1790 566 1870 legatum
589 1789 727 1851 missum
753 1809 828 1850 esse
844 1788 996 1850 Romam
1019 1789 1063 1849 ad
1078 1789 1224 1850 Marium
1241 1789 1309 1850 VII

171 1905 361 1978 consulem,
380 1913 416 1966 ut
434 1904 597 1967 auxilium
618 1905 854 1967 Romanorum
879 1905 1041 1966 aduersus
1065 1905 1310 1967 Mithradatem

171 2019 366 2100 inploraret.
405 2020 444 2081 In
470 2040 538 2101 qua
560 2021 735 2102 legatione
763 2019 910 2085 Marium
934 2020 1018 2081 uidit
1048 2019 1221 2083 adflictum
1244 2020 1309 2083 for·

170 2145 273 2198 tunae
316 2156 356 2198 ac
395 2136 602 2200 ualetudinis
635 2136 847 2210 calamitate,
887 2137 1173 2216 quemadmodum
1208 2157 1310 2218 supra

171 2251 318 2314 diximus
341 2251 392 2334 (cf.
415 2272 447 2333 p.
473 2275 512 2332 47
538 2262 607 2316 not.
636 2275 668 2327 1;
692 2273 724 2334 p.
751 2274 792 2330 54
816 2261 885 2315 not.
903 2252 941 2334 3).

217 2367 295 2429 Hoc
326 2367 438 2448 potius
469 2370 586 2444 credo,
618 2389 719 2450 quam
742 2370 833 2450 quod
856 2369 930 2431 uult
953 2368 1172 2431 Reinhardus
1195 2367 1307 2430 Iorda-

170 2503 233 2545 nus
250 2482 287 2563 ³),
312 2484 368 2564 qui
390 2483 524 2546 Liuium
549 2485 580 2547 ei
603 2484 732 2548 fontem
758 2483 861 2547 fuisse
884 2485 1074 2547 arbitratur.

216 2599 329 2661 Locus
351 2599 421 2662 Lrv.
444 2620 515 2681 per.
539 2601 733 2662 LXXVIII
758 2609 826 2663 est:
857 2602 994 2675 ,urbem
1018 2601 1196 2674 Rhodum,
1220 2621 1309 2682 quae

171 2715 247 2776 sola
276 2713 400 2777 infide
424 2728 672 2796 permanserat,
702 2717 931 2799 oppugnauit,
961 2726 995 2778 et
1019 2717 1148 2798 aliquot
1170 2717 1309 2797 proeliis

171 2830 349 2892 naualibus
371 2832 483 2894 uictus
505 2833 672 2898 recessit.'’

217 2945 317 3009 Fica.
340 2947 366 3010 I.
392 2969 443 3026 40.
468 2955 507 3012 8:
536 2960 702 3030 ,excepta
734 2950 880 3023 Rhod0,
918 2969 1006 3030 quae
1034 2968 1096 3029 pro
1131 2949 1229 3012 nobis
1256 2947 1309 3010 fir·

171 3062 260 3124 mius
287 3065 395 3139 stetit,
420 3075 577 3129 caeterae
602 3067 770 3150 Cyclades
803 3103 845 3112 -
880 3055 1108 3128 tenebantur.'’

218 3178 246 3239 E
269 3180 391 3259 quibus
410 3183 525 3245 uerbis
541 3184 633 3264 quod
656 3184 700 3246 ad
716 3193 890 3246 auctorem
907 3181 1058 3263 Appiani
1081 3183 1211 3244 adtinet
1225 3183 1309 3244 nihil

172 3313 228 3355 me
251 3295 362 3358 iudice
385 3299 544 3380 sequitur.
621 3334 623 3342 .

219 3409 319 3491 Quod
342 3413 433 3496 App.
460 3418 581 3479 habet:
604 3416 682 3478 XX
704 3416 798 3478 milia
820 3415 994 3477 hominum
1017 3415 1051 3476 in
1075 3414 1240 3488 castelliS,
1265 3416 1308 3475 ab

173 3525 347 3595 Archelao
372 3532 597 3614 expugnatis,
624 3552 724 3594 caesa
736 3552 828 3602 esse,
841 3550 984 3611 quorum
1000 3529 1153 3611 plerique
1168 3529 1310 3592 fuissent

172 3652 267 3726 Itali,
290 3666 455 3730 nusquam
477 3648 604 3730 legitur
627 3648 720 3710 alias

222 3877 241 3954 ¹)
263 3877 309 3936 Cf.
333 3897 362 3953 p.
387 3878 423 3934 26
446 3885 507 3934 not.
533 3895 578 3933 10.
868 3941 871 3948 .

216 3976 241 4057 ²)
262 3979 416 4034 KOEHLER
439 3982 452 4044 ξ
475 3976 503 4032 6.
525 4010 564 4016 ψ
586 3974 717 4045 Nissau,
744 3973 814 4030 kris.
844 3975 961 4032 Uniers.
985 3970 1057 4027 iiber
1078 3971 1125 4027 die
1149 3968 1184 4043 Q.
1207 3970 1260 4026 der
1281 3989 1309 4040 4.

173 4097 203 4138 u.
218 4094 232 4151 5
246 4077 318 4134 Dec.
330 4077 379 4133 des
389 4075 468 4132 liv..
480 4071 577 4131 Berlin
593 4074 679 4147 1863,
691 4091 720 4148 p.
734 4073 802 4146 308.
817 4105 853 4114 ψ-
867 4070 1068 4141 GRAssuors,
1081 4069 1116 4125 de
1125 4069 1186 4142 fide
1195 4073 1225 4125 et
1233 4074 1309 4125 auct.

172 4175 285 4233 Dionis
309 4174 409 4232 Cassii
432 4173 584 4231 Cocceiani
603 4169 690 4244 diss,
713 4172 808 4228 Bonu.
824 4170 910 4244 1867,
922 4189 951 4244 p.
967 4169 1061 4243 8sqq.
1074 4201 1110 4208 —
1123 4167 1309 4238 BoTTcuaR,

173 4274 247 4332 iiber
266 4273 314 4330 die
338 4271 374 4346 Q.
396 4273 444 4329 des
469 4271 591 4330 Cassius
612 4270 690 4341 Dis,
712 4268 907 4326 Halberstadt
931 4268 1024 4341 1872,
1046 4285 1076 4340 p.
1099 4285 1146 4322 20.

218 4369 242 4450 ³)
262 4372 300 4428 R.
322 4372 496 4443 IORDANUS,
518 4371 554 4426 de
568 4371 661 4446 fonti,
674 4367 753 4442 App.
765 4368 797 4423 in
819 4366 881 4424 bell.
904 4366 1015 4424 Mitir.
1037 4363 1219 4421 enarrandis
1240 4361 1312 4428 diss,

171 4469 284 4546 inaug,
305 4467 387 4526 Gon.
414 4469 506 4543 1872,
528 4487 557 4542 p.
581 4463 699 4542 36,ubi
709 4484 800 4542 porro
811 4461 920 4524 conicit
931 4482 1000 4521 cum
1012 4462 1310 4535 Tossuaunuuo,de

174 4567 277 4627 Posid.
297 4586 399 4624 rerum
420 4567 564 4640 scriptore
583 4585 612 4640 p.
635 4586 671 4636 2,
693 4563 809 4624 Liuium
831 4581 884 4621 sua
905 4562 1014 4622 debere
1038 4558 1207 4618 Posidonio.

1191 4665 1207 4714 5
