3286 5272
892 505 929 558 14

379 671 483 734 Haud
495 681 609 735 tamen
623 673 736 747 credo,
750 676 842 755 quod
854 656 1035 757 Appianus
1058 677 1111 739 his
1134 677 1219 740 locis
1235 679 1474 741 memorauerit

334 809 353 850 e
380 787 543 852 Sallustio
573 810 742 864 manasse,
780 811 856 854 cum
887 793 975 855 alter
998 794 1042 854 ab
1066 794 1175 856 altero
1199 795 1298 856 nimis
1323 794 1473 880 differat:

384 924 410 964 1.
446 902 626 984 Appianus
662 903 743 966 dicit
778 904 991 984 simpliciter:
1017 906 1098 993 „tou
1125 895 1255 998 Μαρίου
1284 903 1317 980 ἐς
1348 899 1473 998 Κίρταν

337 1013 569 1110 ἀφικομένου.”
627 1020 830 1086 Sallustius:
880 1025 1027 1088 Marium
1078 1025 1262 1090 intendisse
1306 1028 1475 1110 proficisci

336 1135 472 1224 Cirtam.

381 1271 409 1312 2.
447 1248 557 1331 App.:
583 1238 737 1340 ,Μαρίου
767 1244 967 1339 ἀφικομένου
986 1246 1135 1346 πρέςβεις
1155 1246 1345 1344 παρῆσαν.”
1370 1252 1469 1318 Sall:

329 1367 407 1446 post
427 1361 514 1426 diem
538 1361 697 1446 qne'ntnne
725 1365 833 1446 legati
856 1365 1005 1428 ueniunt.

379 1501 408 1557 3.
442 1478 549 1560 Apud
572 1481 664 1562 App.
698 1481 852 1544 Bocchus
875 1463 983 1554 uerba
1004 1481 1118 1546 facere
1148 1481 1281 1568 znczjle'l,
1315 1482 1474 1546 Mnnle'ns

335 1595 517 1679 respondet.
541 1595 649 1677 Apud
671 1595 770 1660 San:
798 1599 875 1679 „qui
898 1598 945 1680 (L.
958 1596 1057 1662 Sulla
1072 1609 1107 1661 et
1126 1598 1168 1662 A.
1185 1600 1344 1682 Manlius)
1360 1621 1476 1682 quam-

339 1729 460 1790 „quam
478 1711 578 1773 acciti
593 1711 706 1786 ibant,
722 1723 837 1775 tamen
853 1714 984 1793 placuit
996 1715 1104 1776 uerba
1117 1716 1209 1796 apud
1220 1735 1341 1799 regem
1353 1716 1475 1809 facere,

339 1827 532 1909 „ingenium
556 1836 615 1889 aut
638 1847 798 1890 auorsum
820 1829 870 1892 uti
893 1828 1086 1905 flecterent,
1119 1841 1177 1894 aut
1200 1833 1362 1913 cupidum
1381 1834 1476 1914 pacis

340 1944 596 2018 „uehementius
627 1946 864 2008 accenderent.
895 1946 1016 2027 Itaque
1041 1945 1155 2023 Snllo,
1180 1949 1274 2011 cuius
1297 1948 1476 2012 facundiae

339 2080 426 2134 „non
449 2060 555 2122 aetati
570 2081 591 2122 α
610 2059 745 2123 Monle'o
762 2082 978 2136 concessum,
995 2083 1106 2144 pauca
1121 2063 1224 2127 nerbo
1240 2065 1476 2178 huiuscemodi

340 2175 516 2250 „loeutus”

382 2291 701 2374 4.Argumentum
725 2294 886 2356 orationis
910 2293 1029 2355 Manlii
1053 2296 1145 2375 apud
1160 2295 1358 2377 Appianum
1373 2297 1476 2377 plane

336 2409 509 2471 diuersum
544 2419 596 2472 est
631 2412 675 2471 ab
714 2419 917 2492 argumento
956 2411 1188 2473 oratiunculae
1228 2409 1347 2474 Sullae
1386 2413 1477 2494 apud

338 2522 545 2588 Sallustium.

382 2667 411 2724 5.
446 2645 555 2728 App.:
580 2635 1270 2739 οίΜαρίυυρὲυέμελλουδεήσεσθαι.
1296 2651 1396 2717 Sall:
1415 2672 1474 2713 eos

337 2758 386 2820 od
397 2757 555 2822 Marium
568 2781 606 2822 oc
618 2759 749 2835 deende,
763 2762 791 2824 si
802 2764 955 2842 placeat,
968 2762 1112 2826 Romam
1125 2764 1261 2846 legatos
1273 2764 1322 2825 ire
1333 2763 1428 2825 iubet
1446 2759 1475 2842 ¹).

383 2874 482 2956 Quae
504 2897 559 2938 res
590 2877 673 2938 mihi
696 2878 778 2940 satis
809 2897 935 2959 graues
958 2879 1124 2954 uidentur,
1142 2900 1253 2962 ¹quare
1277 2878 1478 2943 Sallustium

337 2989 490 3072 Appiani
513 3002 689 3055 auctorem
711 2993 859 3056 reiciam.

383 3107 482 3170 Psoi.
515 3106 600 3172 Snll.
625 3131 660 3186 4:
696 3106 795 3172 Sulla
829 3111 966 3190 legatus
1002 3110 1173 3192 Copillum
1209 3111 1440 3192 Tectosagum
1457 3111 1478 3186 ²)

386 3406 405 3479 ¹)
427 3398 588 3480 HAN'NAK,
604 3426 634 3481 p.
660 3408 734 3478 146:
758 3405 973 3483 „Ueberhaupt
996 3408 1115 3465 konnen
1137 3405 1189 3466 wir
1209 3425 1258 3464 am
1280 3405 1416 3466 Schlusse
1426 3406 1480 3465 der

339 3504 565 3581 „numidischen
594 3504 772 3564 Gesehichte
800 3505 1021 3580 hervorheben‚
1044 3507 1113 3564 dass
1135 3504 1264 3565 dieselbe
1284 3524 1344 3564 von
1365 3506 1482 3565 Sallust

340 3605 400 3683 „im
428 3603 589 3664 Einzelnen
616 3603 775 3675 abweicht
804 3623 838 3664 so
867 3605 936 3664 dass
957 3607 1053 3664 dieser
1073 3607 1156 3662 nicht
1174 3607 1221 3663 als
1241 3606 1354 3678 einzegre
1378 3596 1504 3680 Qnelle'

339 3704 480 3784 ‚,gedIent
500 3705 598 3764 haben
618 3705 728 3763 kann)¹
752 3706 897 3814 Itaque„
899 3703 982 3762 nicht
1003 3704 1046 3764 als
1060 3705 1172 3778 einzige
1193 3703 1331 3778 Quelle,''
1347 3712 1479 3763 attamen

340 3807 406 3882 „als
427 3804 564 3880 Qnelle'’‚
587 3802 636 3862 cui
658 3823 714 3882 ego
736 3801 870 3881 opinioni
891 3803 1044 3863 aduersor.
1066 3805 1155 3862 Praet
1143 3812 1225 3862 terea
1246 3802 1378 3862 Hannak
1392 3813 1479 3880 putat

340 3905 445 3963 Inbnm
477 3905 507 3962 II
538 3903 650 3962 sontem
682 3901 824 3980 Appiano
855 3901 951 3962 luisse.
984 3903 1021 3962 cl.
1052 3903 1090 3962 de
1110 3903 1169 3962 hoe
1189 3904 1266 3963 Iuba
1285 3905 1423 3976 KELLER,
1446 3905 1481 3961 de

341 4004 434 4076 Iuba,
467 4004 605 4079 Appiani
637 4004 791 4080 Cassiiqne
811 4003 923 4060 Dionis
943 4009 1021 4061 auct.
1034 4002 1213 4092 ,Marburg
1243 4003 1330 4077 1872.
1352 4003 1478 4076 -Id.,

339 4104 452 4162 auden
478 4102 600 4177 Qeellen
624 4103 675 4160 eles
701 4102 960 4160 Hannibalescleen
981 4048 1127 4175 Krleges,
1150 4087 1256 4159 Rhein.
1278 4103 1355 4160 Mus.
1382 4102 1479 4175 1874,

341 4203 443 4262 XXIX
471 4222 499 4278 p.
529 4203 576 4260 88.
599 4236 639 4244 —-
670 4202 704 4263 C.
734 4202 853 4269 PETER,
883 4203 951 4261 Lin.
977 4203 1042 4259 und
1058 4201 1162 4275 Polyb.
1185 4201 1257 4259 aber
1277 4203 1324 4259 die
1355 4200 1477 4275 Qnellen

341 4305 390 4361 des
410 4303 483 4360 XXI
504 4321 534 4359 n.
556 4302 644 4360 XXII
656 4302 772 4360 Bnelees
783 4303 832 4359 des
842 4302 951 4360 Livius
962 4346 969 4374 ,
981 4302 1069 4360 Halle
1084 4302 1160 4376 1863
1173 4345 1179 4373 ‚
1192 4320 1221 4376 p.
1237 4316 1283 4375 77.
1296 4335 1335 4344 -
1348 4302 1458 4358 KLAPP
1471 4346 1477 4372 ,

365 4447 371 4460 .
425 4438 443 4444 --
455 4402 483 4460 8.

342 4422 361 4478 p
383 4421 411 4580 ’λζ
430 4501 501 4558 Erat
523 4501 650 4577 populus
671 4497 805 4560 Gallicae
826 4498 934 4576 gentis
