3286 5272
539 915 820 1006 CAPUT
875 917 931 1004 ll.

246 1252 302 1308 DE
323 1251 482 1311 SULLAE
505 1253 548 1309 IN
569 1252 700 1310 BELLO
722 1252 885 1311 SOCIALI
906 1251 1038 1310 REBUS
1063 1249 1211 1309 GESTIS.

637 1467 843 1474 .—-——-—-—

703 1681 772 1751 ἓν.

173 1837 402 1904 comparatur
414 1838 569 1893 narratio
584 1838 791 1894 Plutarohea
803 1851 883 1893 oum
895 1837 1094 1892 narratione
1107 1836 1291 1903 Appianae.

209 2016 307 2079 Ptur.
332 2015 418 2081 Sall.
436 2037 532 2097 5—7.
557 2015 655 2080 Sulla
677 2027 873 2099 praeturam
887 2018 1053 2079 urbanam
1069 2014 1267 2097 adipiscitur
1284 2009 1305 2095 ¹)

163 2133 436 2215 corruptionibus
471 2135 653 2197 conciliata
684 2134 748 2196 sibi
779 2133 995 2197 multitudine
1013 2133 1043 2212 ²).
1075 2129 1153 2212 Quo
1175 2132 1306 2193 ho'nore

162 2248 298 2312 functus
308 2249 344 2311 in
357 2248 611 2331 Cappadociam
631 2251 776 2313 mittitur
790 2270 854 2331 pro
869 2257 1027 2332 praetore
1044 2268 1086 2310 eo
1102 2255 1307 2330 praetextu,

162 2375 201 2426 ut
223 2363 493 2428 Ariobarzanem
515 2367 550 2428 in
573 2386 719 2449 regnum
731 2368 873 2429 reducat
884 2414 890 2441 ,
903 2374 939 2428 at
954 2384 1094 2439 reuera,
1111 2373 1149 2427 ut
1164 2363 1306 2426 Mithra·

163 2482 279 2543 datem
302 2482 464 2564 reprimat
475 2483 506 2563 ³).
540 2482 776 2545 Ariobarzane
799 2502 886 2565 rege
910 2481 1094 2544 constituto
1130 2479 1308 2543 Orobazus

162 2597 330 2672 ParthuS,
366 2596 520 2661 Arsacae
543 2599 636 2681 regis
660 2599 818 2681 legam,
852 2599 896 2659 ad
920 2595 1054 2660 Sullam
1076 2596 1191 2670 uenit,
1217 2596 1307 2659 circa

162 2713 374 2795 Euphratem
397 2723 578 2797 agentern,
603 2714 777 2777 societatiS
800 2714 995 2795 iungendae
1020 2732 1132 2775 causa.

207 2829 387 2893 Discordia
410 2828 529 2894 Sullae
553 2851 631 2894 cum
653 2830 764 2894 Mario
789 2829 953 2911 erumpit,
978 2849 1055 2892 cum
1067 2828 1226 2891 Bocchus
1238 2836 1306 2890 tro·

212 3058 231 3138 ¹)
251 3061 356 3136 Inepte
377 3059 450 3119 dicit
471 3061 656 3135 Plutarchus,
672 3061 781 3120 Sullam
792 3066 974 3135 praeturam
990 3060 1139 3118 urbanam
1150 3061 1305 3130 ambiisse,

164 3159 248 3235 quod
278 3177 368 3218 nemo
399 3161 555 3219 Romanus
585 3161 683 3219 facere
711 3168 838 3237 poterat.
867 3160 945 3217 Nam
974 3157 1031 3236 ipsi
1051 3168 1205 3235 praetores
1226 3169 1306 3219 sorte

163 3259 331 3331 ducebant,
356 3257 422 3335 quis
443 3257 519 3318 inter
541 3258 631 3333 ciueS,
653 3257 719 3335 quis
729 3257 807 3317 inter
821 3257 994 3335 peregrinos
1009 3255 1053 3316 ius
1069 3255 1203 3316 dicturus
1219 3268 1305 3318 esset.

163 3357 210 3416 cf.
238 3360 363 3432 LANGE,
390 3359 476 3417 Rom.
506 3359 725 3432 Αίίενίίνῑννκνν,
748 3355 927 3416 Weidmann
958 3358 1051 3431 1876,
1077 3358 1136 3419 IIIe
1156 3358 1256 3431 nun,
1280 3360 1304 3416 Ι.

164 3477 193 3533 p.
215 3457 272 3532 783
294 3476 338 3532 sq.
361 3491 398 3501 -
423 3458 599 3518 Plutarchus
620 3456 710 3536 igitur
732 3476 787 3534 pro
810 3463 891 3538 ,,ἐπί
908 3459 1089 3543 ςρατηνίαν
1114 3455 1306 3540 πολιτικὴν”

164 3571 282 3622 tantum
302 3562 430 3624 scribere
451 3564 597 3624 debuerat
619 3569 700 3646 „ini
725 3566 937 3648 ςρατηνίαν.”

207 3667 231 3748 ’)
250 3669 352 3728 Verba
372 3669 524 3728 Plutarchi
544 3680 627 3730 sunt:
653 3683 734 3753 ,μῦ
760 3673 863 3755 δήμου
887 3680 923 3738 τὸ
946 3672 1006 3756 μέν
1031 3698 1062 3736 τι
1087 3677 1250 3754 θεραπείᾳ
1270 3677 1305 3737 τὸ

166 3776 200 3839 δὲ
227 3781 281 3840 καί
308 3788 443 3863 χρήμασι
467 3781 778 3863 προςαγανόμενος.”
813 3779 985 3837 Secundum
999 3779 1203 3838 PLIN.N.H.
1220 3780 1305 3838 VIII.

167 3903 204 3942 20
236 3893 266 3942 et
297 3883 367 3942 Suu.
399 3886 434 3942 de
464 3885 545 3943 bren.
577 3887 630 3945 uit.
663 3905 689 3944 c.
711 3887 796 3944 XIII.
817 3893 831 3957 ξ
854 3903 869 3963 5
892 3886 979 3945 ludos
1001 3883 1095 3944 edidit
1116 3884 1304 3962 magnificos:

165 3992 287 4042 centum
319 4003 347 4042 u.
376 4003 402 4042 c.
431 3985 547 4058 leones,
575 3984 689 4044 donum
718 3984 845 4059 Bocchi,
867 3985 1043 4062 pugnabant
1063 3983 1094 4043 in
1115 3982 1196 4043 circo
1218 3983 1306 4044 soluti

165 4101 235 4140 cum
256 4081 402 4160 indigenis
420 4083 506 4142 Afris

207 4179 232 4260 ³)
253 4182 322 4240 Hac
342 4181 380 4241 de
401 4201 433 4241 re
453 4181 499 4241 bis
519 4181 650 4258 loquitur
672 4183 768 4256 Aen,
790 4201 898 4259 nempe
908 4184 948 4241 B.
965 4184 997 4242 C.
1013 4184 1036 4241 I.
1054 4198 1107 4257 77:
1124 4184 1303 4260 ,,Κιλικίας

165 4289 356 4372 ήγονίμενος”
387 4297 416 4347 et
444 4289 552 4346 Miller.
585 4305 638 4366 57:
670 4292 723 4366 „ig
754 4291 813 4369 μὲν
845 4288 1092 4355 Καππαδοκίαν
1122 4292 1183 4371 ἐγὼ
1208 4287 1300 4368 (Sulla

164 4395 259 4455 uerba
284 4393 368 4475 facit)
392 4406 579 4480 κατήγαγον
603 4395 891 4482 Ἀριοβαρζάνην,
918 4395 1071 4474 Κιλικίας
1094 4405 1221 4481 ἄρχων,
1240 4383 1302 4460 ὧδε

165 4505 328 4584 Ρωμαίων
354 4503 624 4590 ψηφιοαμίνων.”
