3286 5272
321 757 419 818 PLuT.
1017 755 1099 816 App.

139 894 269 991 „Auru
308 897 344 968 δὲ
385 896 560 995 Πομπήϊος
586 896 703 967 λαθὼν
809 894 1010 992 ,,Πομπήίὀς
1062 895 1122 988 μὲν
1166 895 1282 964 λαθὼν
1323 896 1382 966 διέ·

80 1016 275 1113 titonia?
758 1013 891 1110 φυγεο.”

208 1199 381 1262 Posterior
422 1209 537 1261 autern
582 1198 727 1280 Pompei
773 1217 845 1260 sors
900 1218 945 1259 ex
993 1197 1075 1260 App.
1118 1198 1159 1259 B.
1199 1197 1233 1260 C.
1280 1197 1306 1259 I.

213 1295 217 1318 'r

185 1323 188 1330 .

146 1333 226 1394 ,575
259 1321 317 1392 58;
349 1335 411 1393 59;
436 1320 498 1392 633
528 1320 569 1392 64
594 1325 647 1377 est
669 1314 919 1396 cognoscenda.
948 1313 1004 1376 De
1028 1313 1106 1376 loco
1129 1313 1307 1375 Plutarchi

164 1429 249 1495 Sull.
289 1436 324 1505 8,
368 1431 529 1512 quamdiu
576 1431 656 1493 huic
694 1431 844 1492 nondum
883 1439 937 1492 est
974 1431 1115 1493 inuenta
1153 1430 1305 1504 medela,

161 1544 245 1606 nihil
293 1542 450 1626 intellegi
488 1553 612 1625 potest.
683 1542 793 1606 Dicit:
849 1538 928 1630 „thu
968 1534 1144 1634 Πομπήϊον
1186 1534 1306 1633 ἐπάρ-

162 1683 292 1752 χοντα
338 1657 522 1754 ποιήσας
562 1659 579 1726 ὁ
620 1654 842 1734 Σουλπίκιος.”
885 1653 1066 1753 Ἐπάρχων
1110 1661 1306 1744 significans

161 1777 330 1840 cmzsulem
360 1785 453 1840 certe
481 1796 550 1838 non
574 1775 745 1840 Graecum
779 1785 847 1849 est,
884 1777 946 1838 sed
974 1774 1029 1838 fac
1052 1777 1118 1838 hoc
1141 1776 1191 1838 ita
1213 1796 1305 1850 esse,

162 1894 244 1974 quid
282 1893 387 1976 igitur
410 1893 476 1955 sibi
502 1894 576 1956 uult
598 1893 826 1954 Plutarchus?
850 1891 1050 1976 Pompam,
1074 1891 1143 1954 ium
1167 1892 1305 1966 consul,

163 2009 288 2074 z'terum
312 2009 432 2073 consul
443 2008 567 2094 factus
590 2014 676 2072 esset
692 2031 713 2070 a
737 2007 909 2091 Sulpz'czo?
928 2005 948 2090 1)

207 2124 294 2190 Sunt
316 2127 432 2206 plura,
455 2135 491 2188 et
514 2125 653 2207 quidem
676 2125 853 2207 grauiora,
884 2125 927 2187 de
954 2125 1079 2206 quibus
1102 2125 1306 2187 Plutarchus

161 2244 207 2304 ab
229 2241 392 2324 Appiano
416 2242 580 2305 dissentit.

207 2358 306 2421 Paos.
329 2357 422 2422 Mar.
456 2379 495 2435 35
528 2367 658 2432 narrat,
694 2354 827 2420 Sullam
864 2357 1013 2419 tumultu
1035 2357 1070 2419 in
1092 2355 1168 2418 foro
1192 2378 1212 2419 a
1229 2355 1305 2420 Sul-

161 2475 304 2557 picianis
335 2473 523 2548 concitato,
558 2484 695 2554 praeter
724 2473 825 2534 Marii
853 2474 991 2534 domum
1014 2470 1222 2554 fugientem,
1257 2473 1305 2534 in·

162 2591 329 2654 stantibus
363 2591 506 2653 inimicis
547 2590 582 2652 in
618 2609 694 2652 eam
728 2588 896 2670 imupisse
934 2598 970 2651 et
1000 2589 1123 2651 deinde
1154 2590 1199 2651 ab
1229 2589 1304 2671 ipso

162 2707 274 2769 Mario
308 2727 371 2789 per
405 2707 508 2768 aliam
542 2707 678 2768 ianuam
712 2714 786 2767 tuto
826 2704 1000 2766 dimissum
1039 2707 1083 2766 ad
1114 2705 1305 2768 exercitum

162 2825 369 2907 peruenisse.
404 2822 476 2888 Sed
499 2823 609 2897 addit,
633 2820 766 2886 Sullam
788 2823 824 2884 in
836 2823 1088 2885 commentariis
1105 2823 1250 2896 dixisse,
1267 2843 1304 2885 se

162 2960 231 3003 non
255 2939 449 3022 confugisse
473 2941 517 3002 ad
540 2939 701 3013 Marium,
725 2957 845 3000 uerum
868 2958 889 2999 a
912 2939 1012 3000 turba
1034 2939 1078 3001 de
1100 2937 1174 3001 foro
1198 2959 1305 3020 usque

162 3057 208 3118 ad
241 3055 388 3118 Marium
422 3056 636 3137 compulsum
671 3074 747 3117 esse
790 3054 999 3135 tandemque
1026 3053 1106 3116 inde
1138 3055 1173 3115 in
1195 3052 1306 3116 forum

160 3173 302 3237 rediisse
315 3181 366 3246 et,
380 3173 472 3254 quod
487 3169 674 3252 Sulpiciani
689 3171 925 3252 postulabant,
940 3170 1106 3232 iustitium
1121 3170 1305 3233 sustulisse.

206 3287 289 3351 ΑΡΡ.
317 3289 359 3350 Β.
393 3287 427 3351 C.
458 3287 484 3350 1.
516 3291 558 3365 56
588 3287 673 3350 nihil
696 3287 739 3348 de
774 3286 840 3348 hac
863 3284 948 3367 fuga
984 3283 1102 3348 Sullae
1132 3286 1305 3367 cognovit.

162 3401 261 3465 Haec
276 3403 379 3464 modo
396 3401 492 3464 dicit:
519 3391 672 3478 ,Σύλλας
699 3393 735 3463 δὲ
763 3393 808 3470 ὡς
833 3391 1095 3490 βουλευσόμενος
1114 3390 1304 3490 ὓπεχώρει”

163 3533 199 3585 et
232 3522 350 3603 paullo
389 3530 482 3601 post:
523 3513 600 3606 „uod
640 3515 657 3581 ὁ
693 3509 821 3589 Σύλλας
861 3509 1015 3580 ἐπελθὼν
1056 3509 1203 3610 ἐβάςασε
1243 3513 1305 3608 τὴν

166 3632 337 3732 υάρῖίαν·”
403 3691 404 3694 ’

209 3753 293 3836 Quis
316 3753 504 3817 Plutarcho
520 3754 614 3816 Mar.
632 3774 672 3831 35
698 3761 818 3814 auctor
840 3749 956 3826 fuerit,
980 3752 1069 3814 hanc
1092 3750 1212 3834 fugam
1230 3772 1305 3814 nar-

163 3869 267 3941 ranti,
290 3868 497 3951 ignoramus
522 3886 600 3954 cum
623 3887 670 3928 ex
682 3867 828 3929 obscuro
844 3859 974 3952 λέγεται
989 3864 1072 3927 nihil
1092 3875 1260 3946 sequatur.

209 3978 295 4045 Sull.
309 3985 327 4042 8
344 3978 523 4043 manifeste
540 3977 792 4041 commentariis
804 3979 919 4053 utitur,
931 3998 1011 4040 nam
1023 3979 1138 4055 uerba,
1152 3978 1306 4059 quamuis

165 4175 370 4182 ...ᾳ-...μμ-

213 4319 233 4398 ’)
255 4317 390 4380 Coniecit
405 4337 572 4396 anonymus
584 4324 710 4395 παύσας
722 4337 778 4394 pro
797 4326 943 4399 ποιήσας,
958 4317 1010 4376 sed
1025 4314 1105 4375 aliud
1116 4316 1208 4375 latere
1226 4315 1305 4375 uide·
1334 4369 1337 4376 .

165 4434 224 4485 tur.
250 4425 295 4485 Cf.
325 4427 421 4484 PLuT.
456 4425 513 4484 Vit.
535 4426 660 4483 Parall.
681 4424 728 4504 ed.
751 4422 897 4497 Sintenis,
922 4422 1038 4480 Teubn.
1065 4423 1161 4496 1879,
1184 4422 1252 4480 Vol.
1267 4424 1305 4480 II.

166 4525 269 4583 adnot.
295 4523 360 4582 crit.
383 4543 412 4600 p.
437 4523 536 4581 XVII.
