3284 5272
742 519 777 578 71

237 693 318 754 Aee.
343 691 465 755 Mz'thr.
490 713 631 770 30-40.
663 693 889 772 Respondent
913 693 1007 754 hisce
1023 693 1145 755 decem
1161 693 1329 774 capitibus

192 810 346 891 Appiani
379 810 443 872 tria
477 779 653 871 Plutarchi
688 810 817 890 capita,
849 829 973 890 nempe
1005 807 1090 873 Sall.
1119 831 1166 872 12.
1196 831 1243 887 13.
1273 834 1328 887 14,

192 925 250 1008 qui
272 925 378 1007 igitur
400 927 507 989 multo
531 926 667 987 breuior
690 935 743 988 est
765 926 800 987 in
824 925 1001 988 obsidione
1025 924 1239 988 Athenarum
1255 927 1329 988 des·

193 1043 355 1105 cribenda
376 1053 480 1124 atque
502 1062 580 1104 raro
604 1063 681 1105 cum
704 1042 866 1124 Appiano
891 1043 1071 1122 conspirat.

235 1159 334 1222 Pius.
364 1181 418 1221 12:
442 1159 600 1240 ingentes
616 1159 799 1222 machinae
811 1160 855 1221 ad
873 1159 1083 1221 obsidionem
1100 1160 1329 1234 necessariae,

193 1277 313 1358 quibus
336 1275 543 1339 fabricandis
566 1277 710 1339 materia
732 1274 912 1339 deficiente
937 1274 1035 1340 Sulla
1064 1254 1179 1339 sacros
1195 1275 1330 1339 Acade·

192 1394 281 1455 miae
316 1393 489 1474 Lyceique
524 1394 621 1455 lucos
656 1394 840 1475 adgressus
875 1403 927 1455 est
961 1396 1169 1474 arboresque
1204 1414 1250 1456 ex
1280 1395 1330 1455 eis

192 1509 330 1583 cecidit,
353 1509 388 1570 in
410 1508 527 1598 primis
551 1507 740 1570 obsessioni
763 1508 869 1589 ipsius
893 1509 980 1571 arcis
1004 1505 1079 1596 (τῆς
1094 1498 1164 1568 ἄνω
1183 1499 1328 1593 πόλεως)

193 1621 391 1684 inseruiunt.

235 1727 318 1790 ΑΡΡ.
344 1748 386 1805 30
408 1727 574 1789 eiusmodi
596 1727 700 1788 etiam
720 1726 823 1789 tradit
843 1746 915 1800 reS,
936 1726 998 1788 sed
1014 1727 1117 1788 modo
1137 1727 1180 1789 de
1207 1727 1330 1789 Piraeo

193 1843 282 1925 agit:
308 1837 350 1929 „6
369 1834 405 1904 δὲ
424 1832 582 1930 (Σύλλας)
603 1835 702 1930 μέρος
720 1859 749 1903 τι
769 1839 910 1930 ςτρατοῦ
930 1836 963 1911 ἐς
983 1835 1021 1904 rb
1040 1833 1103 1914 ἄςο
1120 1837 1330 1932 περιπέμψας

192 1952 367 2053 Ἀριςίωνα
394 1954 594 2051 πολιορκεῖν,
620 1954 719 2031 αὐτὸς
746 1953 892 2051 ἔνθαπερ
911 1954 954 2049 ἦν
974 1951 1157 2051 Ἀρχέλαος
1176 1956 1242 2025 ἐπὶ
1262 1957 1329 2024 τὸν

192 2072 375 2172 Πειραιᾶ
413 2073 561 2172 κατῆλθε
601 2074 921 2166 κατακεκλεισμένων
963 2076 996 2151 ἐς
1035 2074 1077 2144 τὰ
1120 2076 1218 2172 τείχη
1262 2080 1328 2144 τῶν

150 2197 153 2204 ’
191 2193 379 2287 πολεμίων”
407 2211 442 2265 et
463 2203 561 2265 breui
584 2212 678 2284 post:
703 2194 779 2288 „aad
799 2192 957 2290 μηχανὰς
975 2195 1044 2264 ἐπὶ
1061 2196 1133 2264 τον
1152 2193 1330 2290 Πειραιᾶ

193 2315 418 2412 συνεπήγνυτο
446 2315 498 2383 καλ
525 2319 628 2409 χῶμα
655 2313 748 2408 αὀτῖρ
775 2319 940 2410 προςχοῦν
968 2315 1105 2384 ἐπενόει,

237 2435 343 2516 Apud
366 2435 465 2496 Pnur.
495 2454 530 2495 12
551 2431 650 2497 Sulla
665 2434 843 2496 materiam
859 2454 905 2495 ex
919 2433 1111 2496 Academia
1128 2443 1162 2496 et
1178 2455 1198 2496 e
1213 2434 1329 2516 Lyceo

193 2543 301 2605 sumit.
348 2541 453 2624 Apud
484 2540 567 2603 Aer.
593 2562 635 2618 30
670 2550 802 2603 tantum
835 2542 880 2602 de
911 2540 1102 2603 Academia
1133 2541 1260 2603 mentio
1283 2540 1329 2604 fit.

194 2657 302 2722 Simul
330 2668 446 2721 tamen
469 2657 524 2720 hic
548 2657 687 2719 Thebas
711 2657 808 2737 quasi
830 2656 990 2718 horreum
1014 2654 1132 2720 Sullae
1160 2658 1329 2738 adponat,

193 2795 239 2837 ex
246 2795 315 2856 quo
325 2774 433 2837 omnis
445 2774 646 2854 adparatus,
658 2771 799 2847 ferrum,
816 2773 1011 2854 catapultae
1023 2783 1205 2854 ceteraque
1217 2774 1329 2836 huius-

192 2890 285 2952 modi
307 2898 513 2970 peterentur,
538 2909 606 2970 qua
629 2889 673 2950 de
696 2908 733 2950 re
748 2888 954 2951 Plutarchus
976 2898 1091 2951 seruat
1105 2888 1285 2952 silentium.

238 3006 337 3068 Paua.
372 3005 452 3067 ibid.
493 3005 537 3066 de
569 3004 736 3067 thesauris
767 3005 934 3086 loquitur,
970 3025 989 3066 e
1021 3005 1163 3067 diuersis
1193 3006 1330 3087 templis

193 3143 213 3183 a
236 3119 334 3185 Sulla
357 3121 527 3195 abductiS,
559 3121 655 3184 cuius
682 3121 731 3184 rei
758 3119 841 3182 App.
865 3117 987 3183 Mz'thr.
1013 3141 1053 3198 54
1078 3121 1215 3183 demum
1238 3142 1330 3183 men·

192 3238 320 3300 tionem
354 3236 449 3311 facit,
479 3237 537 3299 ubi
568 3246 698 3310 tamen,
721 3245 758 3298 ut
781 3250 903 3318 postea
927 3236 1133 3312 uidebimuS,
1162 3238 1331 3300 consentit

193 3373 272 3416 cum
295 3353 394 3414 Paua.
423 3375 470 3430 19.

235 3469 333 3530 Pron
363 3490 398 3529 12
435 3467 684 3550 digressionem
718 3465 816 3540 facit,
855 3485 1044 3547 conparans
1070 3477 1226 3548 tempora
1252 3466 1329 3529 Fla-

192 3586 322 3659 minini,
346 3584 467 3658 Acilii,
491 3575 632 3646 Aemilii
655 3583 768 3645 Paulli
793 3604 871 3646 cum
894 3592 1049 3664 tempore
1073 3581 1200 3647 Sullae.
1235 3583 1329 3646 'Illos

192 3721 316 3782 nempe
339 3721 407 3763 non
429 3700 532 3762 modo
556 3700 660 3762 sacris
684 3699 894 3763 Graecorum
923 3699 1126 3762 abstinuisse
1149 3700 1329 3774 thesauris,

192 3818 254 3880 sed
278 3826 313 3880 et
335 3818 426 3879 dona
449 3825 484 3900 et
506 3816 672 3878 honorem
696 3825 731 3878 et
754 3816 972 3897 splendorem
994 3815 1218 3896 multiplicem
1236 3816 1329 3878 addi·

192 3934 291 3996 disse.
337 3931 454 3996 Sullae
478 3951 561 3994 uero
591 3940 815 4012 tempestate,
840 3951 917 3993 cum
943 3931 987 3992 ad
1006 3931 1149 4012 imperia
1176 3933 1330 4013 gerenda

192 4069 259 4111 non
283 4058 353 4110 tam
376 4049 502 4110 uirtute
525 4067 628 4128 quam
648 4047 682 4108 ui
698 4047 933 4127 perueniretur
956 4067 1194 4128 armorumque
1211 4057 1329 4109 contra

193 4165 286 4228 ciues
318 4164 425 4226 maior
455 4183 557 4246 quam
589 4164 751 4226 aduersus
782 4164 900 4226 hostes
929 4184 1011 4226 usus
1035 4172 1141 4237 esset,
1177 4164 1211 4224 in
1233 4164 1328 4225 bello

194 4281 458 4343 administrando
492 4279 592 4342 simul
625 4278 788 4342 militibus
818 4299 905 4360 opus
928 4299 1004 4342 esse
1026 4279 1186 4354 blandiri,
1222 4299 1328 4360 quare

193 4395 290 4461 Sulla
312 4397 458 4478 pecunia
480 4394 660 4458 deficiente
683 4415 821 4458 manum
844 4396 1138 4489 iniecisset-sacris
1163 4394 1328 4459 Graeciae

193 4513 361 4576 thesauris
392 4523 427 4575 et
458 4512 621 4586 donariis,
654 4533 743 4593 quae
772 4512 1001 4592 pulcherrima
1024 4520 1059 4573 et
1084 4512 1329 4593 pretiosissima
