3284 5272
890 524 931 582 ὁὸ

386 710 468 772 App.
492 709 614 773 Mzffir.
641 717 690 774 28.
715 710 877 774 Iordanus
890 707 910 792 ¹)
926 712 1030 774 etiam
1053 713 1119 774 hoe
1135 712 1213 773 loco
1228 720 1327 793 putat
1342 711 1472 774 Liuium

341 824 503 908 Appiano
530 835 705 889 auctorem
727 825 847 902 fuisse,
882 847 1076 908 quanquam
1098 847 1210 908 neque
1232 828 1266 890 in
1289 828 1472 908 periochiS,

342 963 453 1024 neque
470 944 560 1024 apud
583 944 824 1024 compilatores
845 944 933 1018 eiua,
957 944 1021 1006 nisi
1036 944 1127 1025 apud
1148 943 1365 1025 Eutropium,
1381 945 1472 1025 quid·

341 1078 442 1139 quam
466 1060 510 1120 ad
532 1061 620 1122 hanc
642 1080 716 1121 rem
738 1060 911 1140 pertinens
936 1059 1090 1142 legimus.

384 1173 503 1236 Verba
518 1175 673 1256 Eutropii
688 1175 731 1238 V.
749 1180 767 1237 6
793 1184 871 1238 sunt
884 1176 985 1238 haec:
1011 1175 1166 1250 ,Interea
1181 1176 1285 1238 etiam
1300 1175 1473 1249 Athenae,

341 1290 460 1352 ciuitas
483 1290 656 1365 Achaiae,
688 1294 732 1354 ab
755 1290 930 1354 Aristione
961 1291 1165 1354 Atheniensi
1188 1291 1387 1354 Mithradati
1409 1301 1473 1354 tra·

338 1406 411 1468 dita
445 1417 505 1474 est.
561 1407 704 1470 Miserat
739 1408 830 1470 enim
862 1409 930 1469 iam
965 1408 1009 1469 ad
1047 1406 1218 1470 Achaiam
1238 1390 1473 1471 'Mithradates

338 1521 563 1597 Archelaum,
587 1523 710 1585 ducem
733 1543 847 1598 suum,
872 1543 949 1586 cum
973 1532 1109 1587 centum
1134 1533 1168 1586 et
1191 1524 1315 1605 uiginti
1341 1524 1473 1585 milibus

340 1638 491 1719 equitum
523 1659 564 1701 ac
597 1640 768 1720 peditum,
802 1658 866 1720 per
899 1660 1002 1721 quem
1035 1641 1138 1703 etiam
1169 1640 1300 1721 reliqua
1331 1638 1473 1704 Graecia

339 1763 514 1834 occupata¹
530 1754 608 1817 est.''

382 1868 509 1950 Aptius
547 1889 629 1932 uero
667 1871 750 1932 mihi
787 1871 922 1934 uidetur
963 1892 1040 1934 cum
1077 1871 1240 1953 Appiano
1289 1891 1473 1952 conparare

338 1986 452 2048 locum
474 1987 664 2062 Posidonii,
689 1997 861 2064 seruatum
884 1989 977 2070 apud
999 1988 1235 2051 Athenaeum:

425 2155 507 2219 App.
523 2155 645 2220 Mller.
664 2163 714 2220 28.
877 2158 987 2220 Posn).
997 2163 1048 2240 ap.
1058 2156 1181 2220 Athen.
1194 2157 1310 2220 Lib.V.
1323 2176 1395 2236 p.21
1406 2177 1528 2230 1-214
1539 2154 1563 2230 ²).

310 2295 403 2392 ,Kal
438 2299 557 2376 αὐτοὺς
589 2296 820 2396 (Ἀθηναίους)
848 2302 881 2378 ἐς
960 2295 1547 2395 ,JEvzq’Epopvtognonquam-

261 2417 369 2512 φιλίαν
391 2417 580 2514 ὑπηγάγετο
596 2415 819 2516 (Ἁργελαοςγ
840 2418 881 2489 τά
934 2426 1020 2489 τικοῦ
1039 2420 1150 2516 σχολη
1172 2418 1309 2518 διέτριβέ
1322 2445 1368 2496 τις
1376 2414 1547 2513 Ἀθηνίων,

260 2564 295 2607 τε
316 2539 477 2635 χρήματα
499 2539 609 2617 αὐτοῖς
627 2539 668 2608 τὰ
693 2539 763 2636 ἱερὰ
781 2540 881 2633 ἔπεμ-
933 2545 1199 2636 προςκαρτερῶν·
1227 2545 1293 2616 τοῖς
1328 2537 1445 2632 λόγοις·
1473 2535 1550 2614 δςτις

260 2684 320 2728 πεν
354 2660 389 2728 ἐκ
405 2657 527 2755 Δήλου
555 2657 593 2728 δι’
619 2655 808 2755 Ἀριςίιυνος
829 2661 881 2730 ἀν·
934 2655 1113 2753 Αἰγυπτίαν
1146 2658 1364 2755 ὠνησάμενος
1398 2655 1549 2754 θεράπαι-

261 2778 336 2873 δρδς
359 2773 559 2874 Ἀθηναίου,
588 2780 791 2875 συμπέμψας
823 2806 882 2875 φο·
934 2804 1005 2873 ναν,
1021 2778 1218 2849 ἐπεπλέκετο
1237 2765 1335 2874 αὐτῇ.Ι
1354 2775 1478 2873 ταύτης
1497 2775 1549 2844 οὖν

261 2897 366 2993 λακὴν
381 2903 447 2966 τῶν
462 2896 649 2994 χρημάτων
664 2901 697 2976 ἐς
712 2898 882 2995 διςχιλίους
935 2899 990 2969 εἴτ’
1001 2899 1035 2978 ἐξ
1047 2897 1327 2993 αδτοῦτεκοίισης,
1338 2898 1394 2968 εἴτ’
1409 2897 1443 2976 ἐξ
1453 2895 1549 2966 ἄλλου

262 3015 402 3113 ἄνδρας,
436 3019 482 3096 οἷς
510 3020 527 3087 ὁ
554 3015 704 3114 Ἀριςίων
732 3017 882 3115 συγχρὼ-
935 3020 1040 3112 τινδς,
1082 3016 1260 3111 ὁμώνυμος
1291 3014 1470 3113 Ἀθηνίωνι
1506 3021 1551 3110 rip

261 3162 358 3230 μενος
379 3136 588 3233 ’ἐτυράννησε
614 3144 676 3234 τῆς
706 3139 881 3236 πατρίδος,
928 3138 1083 3234 ,δεσπότῃ
1111 3139 1348 3236 παρετρέφετο.
1373 3137 1550 3234 γράμματα

259 3258 311 3326 καί
324 3264 391 3327 τῶν
406 3254 596 3353 Ἀθηναίων
610 3257 686 3337 τοδς
701 3258 761 3351 μὲν
781 3257 880 3337 εὐθὺς
935 3259 971 3329 δέ
998 3258 1138 3354 μαθὼν,
1164 3259 1217 3328 καί
1242 3255 1434 3356 πρεσβύτην
1466 3256 1551 3350 γενό-

259 3378 396 3448 ἔκτεινεν
420 3378 466 3456 ὡς
487 3379 734 3474 ρωμαίζοντας,
758 3377 833 3457 τοδς
852 3379 879 3448 δ’
934 3404 1032 3472 μενον
1073 3381 1129 3449 τδν
1169 3378 1334 3474 δεσπότην
1377 3375 1462 3471 μετὰ
1480 3383 1551 3472 τῆς

260 3498 447 3593 ἀνέπεμψεν
481 3499 522 3576 ’ἐς
553 3493 793 3595 Μιδραδάτην,
826 3499 879 3568 καί
933 3501 1058 3596 μητρδς
1091 3497 1314 3595 ἐχειραγώγει·
1346 3497 1399 3567 καί
1427 3494 1551 3567 ἀποδα-

259 3621 362 3686 ταῦτα
382 3617 492 3709 μέντοι
512 3618 631 3712 σοφίαν
654 3619 717 3713 τὴν
733 3614 878 3688 Ἐπικοίι-
934 3619 1031 3688 νόντα
1057 3618 1337 3716 κληρονομήσας,
1369 3619 1551 3714 παρέγγρα-

260 3761 344 3833 ρειον
359 3734 526 3834 ἠσκηκὼς.
555 3736 640 3807 ἀλλὰ
657 3736 720 3834 γὰρ
745 3737 808 3833 οὐχ
823 3735 877 3818 ὅδε
932 3763 993 3834 φος
1025 3736 1216 3835 Ἀθηναίων
1246 3737 1384 3834 πολίτης
1412 3739 1550 3830 ἐγένετο.

342 3933 547 3940 -ῳ--ω-

383 4035 402 4116 ¹)
423 4039 601 4108 IORDANUS,
615 4056 644 4113 p.
669 4055 705 4112 37
730 4046 759 4096 et
779 4039 939 4114 38,fretus
962 4057 1022 4098 uno
1045 4035 1182 4114 Eutropii
1192 4037 1260 4096 loco
1271 4034 1358 4094 dicit:
1382 4055 1472 4110 „con-

333 4133 420 4193 sentit
451 4133 541 4212 igitur
571 4132 672 4193 Liuius
703 4155 773 4194 cum
804 4136 944 4214 Appiano
976 4135 1014 4196 de
1036 4134 1157 4196 nomine
1190 4132 1324 4212 tyranni,
1346 4153 1383 4194 ac
1411 4134 1474 4194 ueri

331 4231 452 4292 similius
473 4244 532 4306 est,
548 4253 564 4291 e
579 4231 665 4292 Liuio
679 4232 810 4293 hausisse
826 4245 980 4295 auctorem
994 4245 1130 4296 nostrum
1144 4253 1234 4311 quarn
1249 4253 1265 4293 e
1279 4231 1473 4293 Posidonio.’'

373 4331 398 4409 2)
419 4334 554 4405 ATHnu,
576 4332 794 4407 Deipnosoph„
817 4332 864 4392 ed.
886 4332 1069 4411 Schweigh,
1092 4335 1252 4411 Argentor.
1268 4335 1361 4404 1802,
1383 4333 1472 4391 Tom.

333 4431 388 4500 IL,
417 4449 445 4505 p.
476 4447 533 4506 315
556 4450 621 4508 sqq.
664 4431 708 4490 Cf.
738 4433 910 4506 MUELLER,
929 4435 982 4510 fg.
1001 4435 1082 4491 Hisa
1107 4433 1232 4502 Graec,
1254 4430 1344 4490 Paris.
1368 4429 1472 4490 Didot.

338 4529 422 4604 1849,
444 4531 511 4588 Vol.
534 4532 595 4602 III,
617 4549 646 4606 p.
671 4533 728 4588 266
740 4549 804 4607 sqq.
818 4533 892 4607 -J.
909 4534 1015 4606 Brun,
1032 4533 1173 4590 Posiden.
1195 4533 1261 4589 rell.
1279 4551 1309 4607 p.
1330 4545 1384 4606 157
1404 4549 1472 4606 sqq.
