3286 5272
899 533 918 592 4

338 709 429 770 Dein
441 707 564 770 multas
576 709 727 790 suscepit
739 709 1045 790 peregrinationes,
1062 709 1104 770 de
1122 709 1244 790 quibus
1260 709 1387 790 passim
1403 709 1476 790 ipse

337 826 494 907 loquitur.
519 824 690 887 Memorat
710 845 740 886 u.
765 845 792 887 c.
805 825 946 898 itinera,
967 845 1056 907 quae
1076 824 1326 887 Alexandriam
1340 822 1359 905 ¹)
1372 835 1475 906 atque

338 941 490 1003 Romam
510 938 537 1025 2)
566 939 656 1003 fecit.
703 940 771 1002 Hic
794 941 852 1002 diu
875 941 961 1002 uixit
985 950 1088 1022 atque
1112 941 1279 1003 lectiones
1302 941 1344 1002 de
1368 941 1478 1021 philo-

339 1058 460 1138 sophia
493 1058 613 1120 habuit
647 1076 880 1138 responsaque
905 1057 999 1119 dedit
1023 1059 1067 1119 ad
1090 1059 1307 1139 quaestiones
1330 1057 1396 1119 sibi
1418 1077 1478 1138 po-

339 1175 430 1236 sitas.
451 1176 473 1255 3)
519 1173 753 1238 Chaeroneam
791 1194 947 1238 reuersus
982 1175 1097 1237 multis
1131 1175 1165 1236 in
1199 1175 1310 1256 patria
1343 1173 1479 1236 functus

340 1301 392 1354 est
414 1292 601 1354 honoribus
620 1291 664 1368 ⁴),
688 1292 800 1366 etiam,
824 1292 853 1354 si
876 1311 958 1354 uera
981 1290 1063 1353 dicit
1087 1289 1211 1355 Suidas
1227 1293 1266 1370 ⁵),
1291 1292 1479 1353 consulatu.

339 1407 440 1470 Hunc
474 1408 657 1480 honorem,
681 1427 750 1489 quo
774 1407 932 1469 omnibus
955 1407 1030 1469 aliis
1053 1407 1191 1488 Illyriae
1222 1407 1479 1488 magistratibus

340 1533 413 1586 erat
428 1524 656 1606 praepositus
674 1524 796 1586 eodem
813 1521 920 1587 Suida
935 1533 1075 1586 auctore
1092 1523 1113 1603 6)
1129 1544 1150 1585 a
1165 1523 1312 1586 Traiano
1336 1522 1478 1604 accepit.

339 1639 394 1701 Ex
428 1639 641 1721 Hieronymo
676 1660 760 1701 uero
803 1639 1047 1720 conligendum
1082 1639 1235 1713 uidetur,
1267 1639 1479 1702 Hadrianum

340 1755 372 1817 ei
396 1756 610 1817 consulatum
633 1757 815 1818 mandasse
839 1764 874 1817 et
897 1755 1033 1837 quidem
1063 1777 1122 1833 1¹9
1143 1775 1175 1836 p.
1194 1755 1228 1818 C.
1249 1755 1271 1836 ⁷)
1295 1755 1373 1836 Quo
1389 1775 1478 1816 anno

339 1871 544 1934 Plutarchus
567 1880 720 1934 mortuus
738 1872 781 1933 sit
803 1872 1009 1954 ignoramus.

384 1985 519 2068 Scripta
541 1988 718 2050 Plutarchi
741 1998 819 2050 sunt
838 1989 961 2062 multa,
994 2007 1137 2068 quorum
1165 1988 1311 2069 plurima
1334 1989 1379 2049 ad
1400 2007 1478 2068 pos-

338 2104 510 2167 teritatem
532 2113 770 2186 peruenerunt.
806 2104 904 2185 Quae
928 2113 1043 2166 autem
1071 2112 1208 2165 exstant
1223 2104 1330 2185 uulgo
1342 2103 1377 2164 in
1393 2105 1478 2165 duas

339 2228 467 2290 classes
491 2226 742 2300 describuntur,
759 2245 883 2306 nempe
907 2224 940 2286 in
964 2216 1104 2313 'Hduroi7
1117 2245 1258 2288 numero
1270 2224 1477 2298 LXXXIII,

340 2363 374 2416 et
404 2354 437 2415 in
470 2343 588 2441 Βίους,
616 2373 757 2415 numero
781 2353 818 2415 L.
842 2353 936 2415 Inter
958 2354 1020 2415 has
1044 2353 1131 2416 vitas
1156 2351 1360 2414 XXXVIII
1383 2362 1475 2430 sunt,

339 2495 423 2557 quas
446 2476 494 2538 ita
516 2476 604 2538 inter
627 2497 664 2537 se
693 2476 917 2556 comparauit,
941 2484 979 2537 ut
1002 2495 1138 2556 semper
1161 2475 1371 2556 conligeret,
1396 2474 1478 2555 quid

339 2592 426 2655 inter
454 2593 551 2655 binas
582 2593 678 2655 iuxta
709 2592 918 2673 compositas
950 2602 1042 2654 esset
1072 2592 1271 2654 discriminis
1300 2600 1358 2653 aut
1389 2610 1477 2672 quae

339 2708 388 2770 eis
412 2709 604 2770 communia
621 2717 751 2782 essent,
768 2728 870 2788 quam
886 2710 931 2770 ob
947 2728 1084 2770 causam
1100 2717 1266 2770 uocantur
1280 2707 1476 2789 parallelae.

339 2823 440 2906 Quod
464 2825 602 2906 quidem
625 2825 830 2887 Plutarchus
853 2825 886 2886 in
909 2825 1003 2887 hisce
1027 2825 1104 2887 uitis
1128 2824 1477 2905 describendispotis·

339 2940 460 3002 simum
494 2941 680 3022 spectauit,
716 2950 880 3015 mentem,
917 2941 1083 3013 animum,
1119 2950 1274 3002 naturam
1301 2940 1476 3001 hominum

340 3058 548 3139 depingere,
573 3057 645 3118 sine
668 3056 771 3145 dubio
797 3056 939 3138 egregie
963 3055 1115 3137 perfecit.

421 3241 546 3248 .-.—-—--

386 3345 405 3426 ¹)
426 3347 542 3419 Pcon,
565 3352 677 3421 quaest.
702 3346 850 3404 conuiual.
872 3343 922 3404 lib.
945 3345 982 3401 V.
1005 3353 1118 3421 quaest.
1140 3345 1177 3402 V.
1199 3361 1266 3420 cap.
1289 3345 1311 3400 I.
1334 3351 1347 3414 §
1372 3363 1407 3416 1,
1430 3341 1474 3400 ed.

338 3445 463 3505 Dttbner
484 3442 576 3504 Paris.
603 3443 694 3503 Didot
719 3445 815 3518 1877,
838 3445 944 3503 Moral.
967 3445 1034 3503 Vol.
1056 3445 1093 3501 II.
1118 3464 1147 3520 p.
1170 3444 1239 3518 825.

380 3544 522 3626 ²)P1ur.
546 3544 633 3602 Dem.
658 3563 684 3601 2.

382 3643 405 3724 ³)
426 3643 521 3703 PLUT.
543 3643 631 3702 Dem.
655 3662 688 3714 23
711 3643 746 3700 de
765 3642 843 3712 frat.
866 3660 959 3701 amor.
983 3661 1011 3713 4.

380 3742 404 3823 4)
425 3743 521 3802 PLuT.
542 3748 690 3816 praecept.
711 3761 774 3814 ger.
796 3741 871 3815 reip.
897 3758 948 3817 15;
964 3741 1052 3800 Dem.
1077 3761 1109 3816 ²3
1131 3747 1242 3816 quaest.
1264 3743 1411 3800 conuiual.
1426 3740 1475 3800 lib.

338 3845 376 3902 II.
399 3851 512 3919 quaest.
535 3842 572 3900 X.
595 3860 661 3917 cap.
684 3842 706 3898 I.
730 3847 744 3911 ξ
768 3860 800 3909 1,
823 3839 870 3898 ed.
893 3840 995 3899 Dilbn.
1018 3841 1124 3900 Moral.
1147 3840 1214 3899 Vol.
1236 3841 1275 3898 II.
1298 3860 1327 3916 p.
1341 3839 1475 3916 77931ib.

337 3943 406 4000 VII.
428 3949 543 4018 quaest.
565 3940 603 3998 ΙΙ.
626 3959 692 4016 cap.
716 3941 774 4009 1.§
796 3954 830 4013 5,
853 3939 900 3997 ed.
923 3939 1021 3999 Dubn.
1045 3937 1148 3999 Moral.
1171 3940 1237 3999 Vol.
1259 3941 1298 3997 II.
1314 3960 1341 4016 p.
1356 3941 1423 4016 853.
1437 3975 1476 3982 --

337 4041 374 4100 cf.
397 4041 541 4113 vomu,
564 4039 588 4097 1.
609 4058 638 4115 p.
656 4053 691 4113 5²
707 4074 721 4080 -
737 4053 784 4114 55.

380 4138 608 4220 r’)StJ1D.S.u.
632 4138 974 4213 ΙΙΛΟΥΤΑΡΧΟΣ,
1000 4135 1046 4194 ed.
1070 4137 1177 4194 Bernh.
1201 4139 1239 4194 II.
1264 4157 1289 4194 2.
1313 4157 1342 4213 p.
1365 4155 1433 4213 315.

381 4245 405 4327 ⁰)
426 4245 510 4305 Sum.
533 4241 604 4303 ibid.

382 4344 404 4426 ⁷)
426 4347 609 4404 Hmrtouvm.
631 4339 661 4400 in
687 4343 797 4402 Chron.
819 4343 945 4400 Eusebii
964 4341 1011 4400 Ol.
1035 4362 1093 4414 ²²4
1116 4369 1156 4394 z:
1179 4362 1247 4401 ann.
1266 4343 1379 4403 Abrah.
1397 4361 1473 4419 2135

403 4464 471 4503 ann.
493 4441 563 4520 imp.
588 4439 683 4500 Hadr.
708 4461 742 4517 3,
764 4441 811 4500 erl.
834 4442 872 4498 A.
884 4439 945 4498 Mai
956 4449 985 4499 et
1002 4441 1065 4499 Ioh.
1084 4440 1361 4514 Zohrabi,Mediol.
1377 4444 1473 4514 1818,

336 4543 384 4603 lib.
408 4545 455 4618 Il,
478 4563 506 4619 p.
530 4544 598 4618 382.
