<?xml version="1.0" encoding="UTF-8"?>
<!DOCTYPE html PUBLIC "-//W3C//DTD XHTML 1.0 Transitional//EN"
    "http://www.w3.org/TR/xhtml1/DTD/xhtml1-transitional.dtd">
<html xmlns="http://www.w3.org/1999/xhtml" xml:lang="en" lang="en">
 <head>
  <title>
</title>
<meta http-equiv="Content-Type" content="text/html;charset=utf-8" />
  <meta name='ocr-system' content='tesseract 3.04.00' />
  <meta name='ocr-capabilities' content='ocr_page ocr_carea ocr_par ocr_line ocrx_word'/>
</head>
<body>
  <div class='ocr_page' id='page_1' title='image "./defontibuspluta00kuypgoog_0050.png"; bbox 0 0 3286 5272; ppageno 0'>
   <div class='ocr_carea' id='block_1_1' title="bbox 724 559 763 617">
    <p class='ocr_par' dir='ltr' id='par_1_1' title="bbox 724 559 763 617">
     <span class='ocr_line' id='line_1_1' title="bbox 724 559 763 617; baseline 0 0"><span class='ocrx_word' id='word_1_1' title='bbox 724 559 763 617; x_wconf 82' lang='lat'>35</span> 
     </span>
    </p>
   </div>
   <div class='ocr_carea' id='block_1_2' title="bbox 175 731 1419 3755">
    <p class='ocr_par' dir='ltr' id='par_1_2' title="bbox 178 731 1313 1039">
     <span class='ocr_line' id='line_1_2' title="bbox 178 731 1313 816; baseline 0.002 -22"><span class='ocrx_word' id='word_1_2' title='bbox 178 732 344 815; x_wconf 83' lang='lat' dir='ltr'>„gloriam</span> <span class='ocrx_word' id='word_1_3' title='bbox 368 734 584 816; x_wconf 85' lang='lat' dir='ltr'>eloquentiae</span> <span class='ocrx_word' id='word_1_4' title='bbox 601 732 842 808; x_wconf 89' lang='lat' dir='ltr'>efflorescenti,</span> <span class='ocrx_word' id='word_1_5' title='bbox 859 732 949 796; x_wconf 84' lang='lat' dir='ltr'>ferro</span> <span class='ocrx_word' id='word_1_6' title='bbox 966 744 1085 816; x_wconf 90' lang='lat' dir='ltr'>erepta</span> <span class='ocrx_word' id='word_1_7' title='bbox 1100 731 1172 796; x_wconf 89' lang='lat' dir='ltr'>uita</span> <span class='ocrx_word' id='word_1_8' title='bbox 1187 743 1252 808; x_wconf 87' lang='lat' dir='ltr'>est,</span> <span class='ocrx_word' id='word_1_9' title='bbox 1277 743 1313 796; x_wconf 89' lang='lat' dir='ltr'>et</span> 
     </span>
     <span class='ocr_line' id='line_1_3' title="bbox 178 849 1312 932; baseline 0 -21"><span class='ocrx_word' id='word_1_10' title='bbox 178 869 310 931; x_wconf 85' lang='lat' dir='ltr'>,poena</span> <span class='ocrx_word' id='word_1_11' title='bbox 346 850 547 913; x_wconf 87' lang='lat' dir='ltr'>temeritatis</span> <span class='ocrx_word' id='word_1_12' title='bbox 591 871 659 913; x_wconf 93' lang='lat' dir='ltr'>non</span> <span class='ocrx_word' id='word_1_13' title='bbox 698 851 769 913; x_wconf 89' lang='lat' dir='ltr'>sine</span> <span class='ocrx_word' id='word_1_14' title='bbox 809 870 934 932; x_wconf 88' lang='lat' dir='ltr'>magno</span> <span class='ocrx_word' id='word_1_15' title='bbox 974 849 1182 931; x_wconf 82' lang='lat' dir='ltr'>reipublicae</span> <span class='ocrx_word' id='word_1_16' title='bbox 1222 851 1312 912; x_wconf 89' lang='lat' dir='ltr'>malo</span> 
     </span>
     <span class='ocr_line' id='line_1_4' title="bbox 178 965 407 1039; baseline 0 -11"><span class='ocrx_word' id='word_1_17' title='bbox 178 965 407 1039; x_wconf 78' lang='lat' dir='ltr'>„constituta”</span> 
     </span>
    </p>

    <p class='ocr_par' dir='ltr' id='par_1_3' title="bbox 220 1079 1314 1167">
     <span class='ocr_line' id='line_1_5' title="bbox 220 1079 1314 1167; baseline 0 -23"><span class='ocrx_word' id='word_1_18' title='bbox 220 1083 269 1145; x_wconf 90' lang='lat' dir='ltr'>Id.</span> <span class='ocrx_word' id='word_1_19' title='bbox 292 1082 333 1145; x_wconf 83' lang='lat' dir='ltr'>de</span> <span class='ocrx_word' id='word_1_20' title='bbox 356 1083 443 1146; x_wconf 80' lang='lat' dir='ltr'>Har.</span> <span class='ocrx_word' id='word_1_21' title='bbox 467 1079 551 1167; x_wconf 61' lang='lat' dir='ltr'>resp,</span> <span class='ocrx_word' id='word_1_22' title='bbox 574 1083 660 1145; x_wconf 92' lang='lat' dir='ltr'>XX.</span> <span class='ocrx_word' id='word_1_23' title='bbox 687 1105 737 1160; x_wconf 81' lang='lat'>43.</span> <span class='ocrx_word' id='word_1_24' title='bbox 766 1081 976 1164; x_wconf 90' lang='lat' dir='ltr'>„Sulpicium</span> <span class='ocrx_word' id='word_1_25' title='bbox 999 1083 1043 1145; x_wconf 91' lang='lat' dir='ltr'>ab</span> <span class='ocrx_word' id='word_1_26' title='bbox 1068 1083 1198 1165; x_wconf 89' lang='lat' dir='ltr'>optima</span> <span class='ocrx_word' id='word_1_27' title='bbox 1212 1103 1314 1146; x_wconf 88' lang='lat' dir='ltr'>causa</span> 
     </span>
    </p>

    <p class='ocr_par' dir='ltr' id='par_1_4' title="bbox 178 1197 1317 2668">
     <span class='ocr_line' id='line_1_6' title="bbox 179 1197 1314 1281; baseline 0 -21"><span class='ocrx_word' id='word_1_28' title='bbox 179 1197 388 1280; x_wconf 88' lang='lat' dir='ltr'>,profectum</span> <span class='ocrx_word' id='word_1_29' title='bbox 425 1199 578 1281; x_wconf 78' lang='lat' dir='ltr'>longiuS,</span> <span class='ocrx_word' id='word_1_30' title='bbox 618 1218 719 1281; x_wconf 88' lang='lat' dir='ltr'>quam</span> <span class='ocrx_word' id='word_1_31' title='bbox 750 1199 873 1273; x_wconf 90' lang='lat' dir='ltr'>uoluit,</span> <span class='ocrx_word' id='word_1_32' title='bbox 910 1198 1086 1278; x_wconf 89' lang='lat' dir='ltr'>popularis</span> <span class='ocrx_word' id='word_1_33' title='bbox 1123 1217 1207 1260; x_wconf 84' lang='lat' dir='ltr'>aura</span> <span class='ocrx_word' id='word_1_34' title='bbox 1237 1218 1314 1280; x_wconf 91' lang='lat' dir='ltr'>pro·</span> 
     </span>
     <span class='ocr_line' id='line_1_7' title="bbox 180 1314 318 1389; baseline 0.007 -13"><span class='ocrx_word' id='word_1_35' title='bbox 180 1314 318 1389; x_wconf 85' lang='lat' dir='ltr'>„uexit”</span> 
     </span>
     <span class='ocr_line' id='line_1_8' title="bbox 184 1427 1314 1514; baseline 0 -22"><span class='ocrx_word' id='word_1_36' title='bbox 184 1427 187 1434; x_wconf 85' lang='grc'><strong>’</strong></span> <span class='ocrx_word' id='word_1_37' title='bbox 219 1431 317 1494; x_wconf 70' lang='lat' dir='ltr'>Vaut.</span> <span class='ocrx_word' id='word_1_38' title='bbox 352 1431 394 1494; x_wconf 88' lang='lat' dir='ltr'>H.</span> <span class='ocrx_word' id='word_1_39' title='bbox 429 1437 476 1494; x_wconf 94' lang='lat'>18.</span> <span class='ocrx_word' id='word_1_40' title='bbox 512 1432 568 1506; x_wconf 89' lang='grc' dir='ltr'>,,Ρ.</span> <span class='ocrx_word' id='word_1_41' title='bbox 608 1429 782 1514; x_wconf 87' lang='lat' dir='ltr'><strong>Sulpicius</strong></span> <span class='ocrx_word' id='word_1_42' title='bbox 817 1432 971 1494; x_wconf 90' lang='lat' dir='ltr'>tribunus</span> <span class='ocrx_word' id='word_1_43' title='bbox 1005 1431 1117 1512; x_wconf 87' lang='lat' dir='ltr'>plebis</span> <span class='ocrx_word' id='word_1_44' title='bbox 1152 1431 1314 1504; x_wconf 76' lang='lat' dir='ltr'>disertuS,</span> 
     </span>
     <span class='ocr_line' id='line_1_9' title="bbox 178 1546 1314 1630; baseline -0.002 -20"><span class='ocrx_word' id='word_1_45' title='bbox 178 1568 285 1623; x_wconf 67' lang='lat' dir='ltr'>,acen</span> <span class='ocrx_word' id='word_1_46' title='bbox 309 1548 447 1630; x_wconf 76' lang='lat' dir='ltr'>opibuS,</span> <span class='ocrx_word' id='word_1_47' title='bbox 468 1549 595 1630; x_wconf 86' lang='lat' dir='ltr'>gratia,</span> <span class='ocrx_word' id='word_1_48' title='bbox 620 1548 789 1621; x_wconf 61' lang='lat' dir='ltr'>amicitiis</span> <span class='ocrx_word' id='word_1_49' title='bbox 806 1549 927 1630; x_wconf 89' lang='lat' dir='ltr'>uigore</span> <span class='ocrx_word' id='word_1_50' title='bbox 943 1546 1072 1629; x_wconf 91' lang='lat' dir='ltr'>ingenii</span> <span class='ocrx_word' id='word_1_51' title='bbox 1091 1556 1194 1628; x_wconf 87' lang='lat' dir='ltr'>atque</span> <span class='ocrx_word' id='word_1_52' title='bbox 1211 1546 1314 1609; x_wconf 88' lang='lat' dir='ltr'>animi</span> 
     </span>
     <span class='ocr_line' id='line_1_10' title="bbox 179 1664 1314 1745; baseline -0.002 -18"><span class='ocrx_word' id='word_1_53' title='bbox 179 1665 455 1739; x_wconf 56' lang='lat' dir='ltr'>,celeberrimus</span> <span class='ocrx_word' id='word_1_54' title='bbox 486 1685 563 1727; x_wconf 87' lang='lat' dir='ltr'>cum</span> <span class='ocrx_word' id='word_1_55' title='bbox 594 1675 696 1728; x_wconf 88' lang='lat' dir='ltr'>antea</span> <span class='ocrx_word' id='word_1_56' title='bbox 726 1665 915 1728; x_wconf 87' lang='lat' dir='ltr'>rectissima</span> <span class='ocrx_word' id='word_1_57' title='bbox 937 1665 1115 1726; x_wconf 83' lang='lat' dir='ltr'>uoluntate</span> <span class='ocrx_word' id='word_1_58' title='bbox 1139 1664 1231 1744; x_wconf 90' lang='lat' dir='ltr'>apud</span> <span class='ocrx_word' id='word_1_59' title='bbox 1253 1683 1314 1745; x_wconf 92' lang='lat' dir='ltr'>po·</span> 
     </span>
     <span class='ocr_line' id='line_1_11' title="bbox 179 1779 1316 1864; baseline -0.001 -21"><span class='ocrx_word' id='word_1_60' title='bbox 179 1781 316 1861; x_wconf 91' lang='lat' dir='ltr'>,pulum</span> <span class='ocrx_word' id='word_1_61' title='bbox 350 1801 546 1843; x_wconf 85' lang='lat' dir='ltr'>maxumam</span> <span class='ocrx_word' id='word_1_62' title='bbox 576 1782 765 1863; x_wconf 84' lang='lat' dir='ltr'>quaesisset</span> <span class='ocrx_word' id='word_1_63' title='bbox 797 1781 1016 1864; x_wconf 86' lang='lat' dir='ltr'>dignitatem,</span> <span class='ocrx_word' id='word_1_64' title='bbox 1051 1779 1149 1861; x_wconf 87' lang='lat' dir='ltr'>quasi</span> <span class='ocrx_word' id='word_1_65' title='bbox 1180 1779 1316 1861; x_wconf 86' lang='lat' dir='ltr'>pigeret</span> 
     </span>
     <span class='ocr_line' id='line_1_12' title="bbox 179 1896 1315 1972; baseline 0 -13"><span class='ocrx_word' id='word_1_66' title='bbox 179 1917 276 1972; x_wconf 89' lang='lat' dir='ltr'>„eum</span> <span class='ocrx_word' id='word_1_67' title='bbox 299 1897 461 1960; x_wconf 88' lang='lat' dir='ltr'>uirtutum</span> <span class='ocrx_word' id='word_1_68' title='bbox 484 1917 636 1972; x_wconf 89' lang='lat' dir='ltr'>suarum,</span> <span class='ocrx_word' id='word_1_69' title='bbox 652 1906 687 1961; x_wconf 91' lang='lat' dir='ltr'>et</span> <span class='ocrx_word' id='word_1_70' title='bbox 702 1899 791 1964; x_wconf 90' lang='lat' dir='ltr'>bene</span> <span class='ocrx_word' id='word_1_71' title='bbox 808 1898 965 1960; x_wconf 88' lang='lat' dir='ltr'>consulta</span> <span class='ocrx_word' id='word_1_72' title='bbox 981 1897 1012 1958; x_wconf 93' lang='lat' dir='ltr'>ei</span> <span class='ocrx_word' id='word_1_73' title='bbox 1033 1897 1123 1958; x_wconf 91' lang='lat' dir='ltr'>male</span> <span class='ocrx_word' id='word_1_74' title='bbox 1139 1896 1315 1970; x_wconf 89' lang='lat' dir='ltr'>cederent,</span> 
     </span>
     <span class='ocr_line' id='line_1_13' title="bbox 179 2013 1315 2096; baseline -0.002 -21"><span class='ocrx_word' id='word_1_75' title='bbox 179 2013 311 2087; x_wconf 89' lang='lat' dir='ltr'>„subito</span> <span class='ocrx_word' id='word_1_76' title='bbox 334 2034 459 2094; x_wconf 90' lang='lat' dir='ltr'>prauus</span> <span class='ocrx_word' id='word_1_77' title='bbox 482 2023 517 2076; x_wconf 86' lang='lat' dir='ltr'>et</span> <span class='ocrx_word' id='word_1_78' title='bbox 539 2034 707 2096; x_wconf 86' lang='lat' dir='ltr'>praeceps</span> <span class='ocrx_word' id='word_1_79' title='bbox 732 2014 767 2077; x_wconf 89' lang='lat' dir='ltr'>C.</span> <span class='ocrx_word' id='word_1_80' title='bbox 792 2013 918 2088; x_wconf 91' lang='lat' dir='ltr'>Mari0‚</span> <span class='ocrx_word' id='word_1_81' title='bbox 932 2022 1011 2094; x_wconf 91' lang='lat' dir='ltr'>post</span> <span class='ocrx_word' id='word_1_82' title='bbox 1022 2013 1315 2094; x_wconf 89' lang='lat' dir='ltr'>septuagesimum</span> 
     </span>
     <span class='ocr_line' id='line_1_14' title="bbox 179 2128 1317 2211; baseline 0 -21"><span class='ocrx_word' id='word_1_83' title='bbox 179 2149 324 2204; x_wconf 88' lang='lat' dir='ltr'>„annum</span> <span class='ocrx_word' id='word_1_84' title='bbox 348 2130 461 2191; x_wconf 89' lang='lat' dir='ltr'>omnia</span> <span class='ocrx_word' id='word_1_85' title='bbox 483 2130 625 2210; x_wconf 88' lang='lat' dir='ltr'>imperia</span> <span class='ocrx_word' id='word_1_86' title='bbox 649 2141 683 2193; x_wconf 92' lang='lat' dir='ltr'>et</span> <span class='ocrx_word' id='word_1_87' title='bbox 706 2130 815 2192; x_wconf 88' lang='lat' dir='ltr'>omnis</span> <span class='ocrx_word' id='word_1_88' title='bbox 837 2129 1030 2210; x_wconf 89' lang='lat' dir='ltr'>prouincias</span> <span class='ocrx_word' id='word_1_89' title='bbox 1047 2128 1317 2211; x_wconf 89' lang='lat' dir='ltr'>concupiscenti,</span> 
     </span>
     <span class='ocr_line' id='line_1_15' title="bbox 179 2244 1316 2329; baseline 0 -22"><span class='ocrx_word' id='word_1_90' title='bbox 179 2245 331 2320; x_wconf 84' lang='lat' dir='ltr'>„addixit</span> <span class='ocrx_word' id='word_1_91' title='bbox 353 2247 536 2328; x_wconf 85' lang='lat' dir='ltr'>legemque</span> <span class='ocrx_word' id='word_1_92' title='bbox 559 2248 604 2309; x_wconf 84' lang='lat' dir='ltr'>ad</span> <span class='ocrx_word' id='word_1_93' title='bbox 626 2247 791 2329; x_wconf 91' lang='lat' dir='ltr'>populum</span> <span class='ocrx_word' id='word_1_94' title='bbox 810 2247 902 2320; x_wconf 93' lang='lat' dir='ltr'>tulit,</span> <span class='ocrx_word' id='word_1_95' title='bbox 919 2267 987 2327; x_wconf 89' lang='lat' dir='ltr'>qua</span> <span class='ocrx_word' id='word_1_96' title='bbox 1003 2244 1121 2310; x_wconf 88' lang='lat' dir='ltr'>Sullae</span> <span class='ocrx_word' id='word_1_97' title='bbox 1139 2245 1316 2327; x_wconf 85' lang='lat' dir='ltr'>imperium</span> 
     </span>
     <span class='ocr_line' id='line_1_16' title="bbox 180 2361 1316 2443; baseline 0.001 -20"><span class='ocrx_word' id='word_1_98' title='bbox 180 2362 439 2443; x_wconf 83' lang='lat' dir='ltr'>„abrogaretur,</span> <span class='ocrx_word' id='word_1_99' title='bbox 476 2361 511 2425; x_wconf 89' lang='lat' dir='ltr'>C.</span> <span class='ocrx_word' id='word_1_100' title='bbox 535 2362 646 2425; x_wconf 87' lang='lat' dir='ltr'>Mario</span> <span class='ocrx_word' id='word_1_101' title='bbox 676 2363 806 2425; x_wconf 85' lang='lat' dir='ltr'>bellurn</span> <span class='ocrx_word' id='word_1_102' title='bbox 837 2363 1079 2425; x_wconf 86' lang='lat' dir='ltr'>decerneretur</span> <span class='ocrx_word' id='word_1_103' title='bbox 1101 2362 1316 2425; x_wconf 88' lang='lat' dir='ltr'>Mithradati-</span> 
     </span>
     <span class='ocr_line' id='line_1_17' title="bbox 180 2476 1315 2560; baseline -0.002 -20"><span class='ocrx_word' id='word_1_104' title='bbox 180 2497 277 2552; x_wconf 88' lang='lat' dir='ltr'>,cum</span> <span class='ocrx_word' id='word_1_105' title='bbox 307 2477 458 2559; x_wconf 87' lang='lat' dir='ltr'>aliasque</span> <span class='ocrx_word' id='word_1_106' title='bbox 481 2478 580 2560; x_wconf 89' lang='lat' dir='ltr'>leges</span> <span class='ocrx_word' id='word_1_107' title='bbox 602 2478 810 2558; x_wconf 88' lang='lat' dir='ltr'>perniciosas</span> <span class='ocrx_word' id='word_1_108' title='bbox 834 2488 870 2540; x_wconf 89' lang='lat' dir='ltr'>et</span> <span class='ocrx_word' id='word_1_109' title='bbox 894 2476 1088 2541; x_wconf 86' lang='lat' dir='ltr'>exitiabiles</span> <span class='ocrx_word' id='word_1_110' title='bbox 1103 2497 1215 2558; x_wconf 88' lang='lat' dir='ltr'>neque</span> <span class='ocrx_word' id='word_1_111' title='bbox 1230 2478 1315 2539; x_wconf 88' lang='lat' dir='ltr'>tole-</span> 
     </span>
     <span class='ocr_line' id='line_1_18' title="bbox 180 2593 753 2668; baseline 0.003 -14"><span class='ocrx_word' id='word_1_112' title='bbox 180 2594 322 2668; x_wconf 85' lang='lat' dir='ltr'>„randas</span> <span class='ocrx_word' id='word_1_113' title='bbox 344 2593 474 2656; x_wconf 90' lang='lat' dir='ltr'>liberae</span> <span class='ocrx_word' id='word_1_114' title='bbox 499 2594 626 2657; x_wconf 85' lang='lat' dir='ltr'>ciuitati</span> <span class='ocrx_word' id='word_1_115' title='bbox 650 2593 753 2656; x_wconf 89' lang='lat' dir='ltr'>tulit.&#39;&#39;</span> 
     </span>
    </p>

    <p class='ocr_par' dir='ltr' id='par_1_5' title="bbox 175 2697 1419 3755">
     <span class='ocr_line' id='line_1_19' title="bbox 222 2697 1317 2797; baseline 0.001 -30"><span class='ocrx_word' id='word_1_116' title='bbox 222 2706 321 2769; x_wconf 77' lang='lat' dir='ltr'>Prur.</span> <span class='ocrx_word' id='word_1_117' title='bbox 346 2704 431 2770; x_wconf 69' lang='lat' dir='ltr'>Sall.</span> <span class='ocrx_word' id='word_1_118' title='bbox 449 2713 467 2768; x_wconf 91' lang='lat'>8</span> <span class='ocrx_word' id='word_1_119' title='bbox 489 2705 677 2788; x_wconf 89' lang='lat' dir='ltr'>Sulpicium</span> <span class='ocrx_word' id='word_1_120' title='bbox 694 2716 811 2768; x_wconf 87' lang='lat' dir='ltr'>uocat:</span> <span class='ocrx_word' id='word_1_121' title='bbox 838 2698 1041 2797; x_wconf 57' lang='grc' dir='ltr'>»ἄνθρωπον</span> <span class='ocrx_word' id='word_1_122' title='bbox 1061 2699 1192 2778; x_wconf 75' lang='grc' dir='ltr'>οὐδενος</span> <span class='ocrx_word' id='word_1_123' title='bbox 1211 2697 1317 2769; x_wconf 78' lang='grc' dir='ltr'>δεότε-</span> 
     </span>
     <span class='ocr_line' id='line_1_20' title="bbox 177 2815 1315 2916; baseline 0 -30"><span class='ocrx_word' id='word_1_124' title='bbox 177 2843 233 2916; x_wconf 91' lang='grc' dir='ltr'>ρον</span> <span class='ocrx_word' id='word_1_125' title='bbox 274 2820 308 2888; x_wconf 83' lang='grc' dir='ltr'>ἐν</span> <span class='ocrx_word' id='word_1_126' title='bbox 344 2827 414 2897; x_wconf 82' lang='grc' dir='ltr'>ταῖς</span> <span class='ocrx_word' id='word_1_127' title='bbox 449 2818 563 2916; x_wconf 78' lang='grc' dir='ltr'>ἄκραις</span> <span class='ocrx_word' id='word_1_128' title='bbox 599 2820 740 2912; x_wconf 62' lang='grc' dir='ltr'>κακίαις,</span> <span class='ocrx_word' id='word_1_129' title='bbox 777 2815 844 2898; x_wconf 80' lang='grc' dir='ltr'>όνςε</span> <span class='ocrx_word' id='word_1_130' title='bbox 883 2820 931 2914; x_wconf 78' lang='grc' dir='ltr'>μὴ</span> <span class='ocrx_word' id='word_1_131' title='bbox 961 2821 1090 2916; x_wconf 65' lang='grc' dir='ltr'>ζκχτεῖν7</span> <span class='ocrx_word' id='word_1_132' title='bbox 1129 2820 1215 2897; x_wconf 90' lang='grc' dir='ltr'>τίνος</span> <span class='ocrx_word' id='word_1_133' title='bbox 1250 2819 1315 2898; x_wconf 74' lang='grc' dir='ltr'>ἐςίν</span> 
     </span>
     <span class='ocr_line' id='line_1_21' title="bbox 177 2938 1315 3038; baseline -0.001 -29"><span class='ocrx_word' id='word_1_134' title='bbox 177 2941 289 3036; x_wconf 79' lang='grc' dir='ltr'>ἑτέρου</span> <span class='ocrx_word' id='word_1_135' title='bbox 318 2938 591 3038; x_wconf 65' lang='grc' dir='ltr'>μοχθηρότερος,</span> <span class='ocrx_word' id='word_1_136' title='bbox 621 2939 705 3011; x_wconf 83' lang='grc' dir='ltr'>ἀλλὰ</span> <span class='ocrx_word' id='word_1_137' title='bbox 733 2941 815 3037; x_wconf 74' lang='grc' dir='ltr'>πρὸς</span> <span class='ocrx_word' id='word_1_138' title='bbox 837 2941 868 3009; x_wconf 90' lang='grc' dir='ltr'>τί</span> <span class='ocrx_word' id='word_1_139' title='bbox 887 2939 1144 3038; x_wconf 78' lang='grc' dir='ltr'>μοχθηρότατος</span> <span class='ocrx_word' id='word_1_140' title='bbox 1163 2938 1315 3010; x_wconf 82' lang='grc' dir='ltr'>ἑαυτοῦ.”</span> 
     </span>
     <span class='ocr_line' id='line_1_22' title="bbox 176 3058 1314 3157; baseline 0.002 -30"><span class='ocrx_word' id='word_1_141' title='bbox 176 3065 333 3148; x_wconf 90' lang='lat' dir='ltr'>Pergens</span> <span class='ocrx_word' id='word_1_142' title='bbox 355 3067 399 3127; x_wconf 90' lang='lat' dir='ltr'>de</span> <span class='ocrx_word' id='word_1_143' title='bbox 423 3067 545 3129; x_wconf 92' lang='lat' dir='ltr'>eodem</span> <span class='ocrx_word' id='word_1_144' title='bbox 561 3068 679 3130; x_wconf 85' lang='lat' dir='ltr'>habet:</span> <span class='ocrx_word' id='word_1_145' title='bbox 707 3060 783 3154; x_wconf 75' lang='grc' dir='ltr'>,,καί</span> <span class='ocrx_word' id='word_1_146' title='bbox 810 3059 871 3157; x_wconf 81' lang='grc' dir='ltr'>γὰρ</span> <span class='ocrx_word' id='word_1_147' title='bbox 901 3060 1038 3157; x_wconf 81' lang='grc' dir='ltr'>ὠμότης</span> <span class='ocrx_word' id='word_1_148' title='bbox 1064 3060 1116 3129; x_wconf 84' lang='grc' dir='ltr'>καί</span> <span class='ocrx_word' id='word_1_149' title='bbox 1134 3058 1242 3152; x_wconf 90' lang='grc' dir='ltr'>τόλμα</span> <span class='ocrx_word' id='word_1_150' title='bbox 1263 3059 1314 3129; x_wconf 83' lang='grc' dir='ltr'>καί</span> 
     </span>
     <span class='ocr_line' id='line_1_23' title="bbox 175 3177 1313 3277; baseline 0 -29"><span class='ocrx_word' id='word_1_151' title='bbox 175 3177 347 3256; x_wconf 74' lang='grc' dir='ltr'>πλεονεξία</span> <span class='ocrx_word' id='word_1_152' title='bbox 374 3178 449 3274; x_wconf 80' lang='grc' dir='ltr'>περὶ</span> <span class='ocrx_word' id='word_1_153' title='bbox 476 3179 575 3248; x_wconf 79' lang='grc' dir='ltr'>αὐτόν</span> <span class='ocrx_word' id='word_1_154' title='bbox 609 3179 651 3274; x_wconf 78' lang='grc' dir='ltr'>ῆν</span> <span class='ocrx_word' id='word_1_155' title='bbox 680 3181 917 3277; x_wconf 76' lang='grc' dir='ltr'>ἀπερίσκεπτος</span> <span class='ocrx_word' id='word_1_156' title='bbox 944 3182 1084 3276; x_wconf 81' lang='grc' dir='ltr'>αἰσχροῦ</span> <span class='ocrx_word' id='word_1_157' title='bbox 1111 3179 1164 3248; x_wconf 84' lang='grc' dir='ltr'>καί</span> <span class='ocrx_word' id='word_1_158' title='bbox 1190 3181 1313 3257; x_wconf 77' lang='grc' dir='ltr'>παντὸς</span> 
     </span>
     <span class='ocr_line' id='line_1_24' title="bbox 178 3295 1419 3396; baseline 0.001 -30"><span class='ocrx_word' id='word_1_159' title='bbox 178 3295 311 3367; x_wconf 83' lang='grc' dir='ltr'>κακοῦ.”</span> <span class='ocrx_word' id='word_1_160' title='bbox 334 3305 383 3366; x_wconf 91' lang='lat' dir='ltr'>Id.</span> <span class='ocrx_word' id='word_1_161' title='bbox 399 3304 493 3367; x_wconf 80' lang='lat' dir='ltr'>Mar.</span> <span class='ocrx_word' id='word_1_162' title='bbox 511 3327 528 3382; x_wconf 80' lang='lat'>3</span> <span class='ocrx_word' id='word_1_163' title='bbox 534 3325 550 3382; x_wconf 86' lang='lat'>5</span> <span class='ocrx_word' id='word_1_164' title='bbox 566 3306 635 3368; x_wconf 91' lang='lat' dir='ltr'>init.</span> <span class='ocrx_word' id='word_1_165' title='bbox 653 3305 750 3369; x_wconf 89' lang='lat' dir='ltr'>dicit:</span> <span class='ocrx_word' id='word_1_166' title='bbox 769 3300 995 3395; x_wconf 74' lang='grc' dir='ltr'>,,είκροέςατον</span> <span class='ocrx_word' id='word_1_167' title='bbox 1010 3299 1162 3396; x_wconf 79' lang='grc' dir='ltr'>εὑρόντος</span> <span class='ocrx_word' id='word_1_168' title='bbox 1176 3298 1314 3396; x_wconf 83' lang='grc' dir='ltr'>όρχανον</span> <span class='ocrx_word' id='word_1_169' title='bbox 1414 3305 1419 3316; x_wconf 91' lang='grc'><strong>’</strong></span> 
     </span>
     <span class='ocr_line' id='line_1_25' title="bbox 178 3413 1315 3516; baseline 0.001 -28"><span class='ocrx_word' id='word_1_170' title='bbox 178 3413 309 3514; x_wconf 86' lang='grc' dir='ltr'>Μαρίου</span> <span class='ocrx_word' id='word_1_171' title='bbox 336 3419 419 3513; x_wconf 78' lang='grc' dir='ltr'>πρός</span> <span class='ocrx_word' id='word_1_172' title='bbox 446 3420 501 3487; x_wconf 78' lang='grc' dir='ltr'>τον</span> <span class='ocrx_word' id='word_1_173' title='bbox 529 3419 634 3488; x_wconf 73' lang='grc' dir='ltr'>κοινὸν</span> <span class='ocrx_word' id='word_1_174' title='bbox 662 3417 800 3516; x_wconf 81' lang='grc' dir='ltr'>όλεθρον</span> <span class='ocrx_word' id='word_1_175' title='bbox 818 3421 864 3493; x_wconf 65' lang='grc' dir='ltr'>,το</span> <span class='ocrx_word' id='word_1_176' title='bbox 881 3418 1073 3490; x_wconf 85' lang='grc' dir='ltr'>Σουλπικίου</span> <span class='ocrx_word' id='word_1_177' title='bbox 1087 3417 1231 3516; x_wconf 78' lang='grc' dir='ltr'>θράσος,</span> <span class='ocrx_word' id='word_1_178' title='bbox 1256 3419 1315 3502; x_wconf 84' lang='grc' dir='ltr'>ὃς,</span> 
     </span>
     <span class='ocr_line' id='line_1_26' title="bbox 179 3535 1314 3636; baseline -0.002 -28"><span class='ocrx_word' id='word_1_179' title='bbox 179 3536 231 3608; x_wconf 82' lang='grc' dir='ltr'>διὰ</span> <span class='ocrx_word' id='word_1_180' title='bbox 267 3535 371 3607; x_wconf 80' lang='grc' dir='ltr'>τᾶλλα</span> <span class='ocrx_word' id='word_1_181' title='bbox 411 3536 521 3607; x_wconf 86' lang='grc' dir='ltr'>πάντα</span> <span class='ocrx_word' id='word_1_182' title='bbox 556 3536 741 3631; x_wconf 76' lang='grc' dir='ltr'>θαῦμάζων</span> <span class='ocrx_word' id='word_1_183' title='bbox 776 3539 828 3608; x_wconf 81' lang='grc' dir='ltr'>καὶ</span> <span class='ocrx_word' id='word_1_184' title='bbox 869 3538 981 3635; x_wconf 77' lang='grc' dir='ltr'>ζηλῶν</span> <span class='ocrx_word' id='word_1_185' title='bbox 1008 3541 1064 3609; x_wconf 75' lang='grc' dir='ltr'>τον</span> <span class='ocrx_word' id='word_1_186' title='bbox 1093 3538 1314 3636; x_wconf 67' lang='grc' dir='ltr'>Σατορνῖνον,</span> 
     </span>
     <span class='ocr_line' id='line_1_27' title="bbox 180 3656 1316 3755; baseline 0 -28"><span class='ocrx_word' id='word_1_187' title='bbox 180 3658 338 3750; x_wconf 86' lang='grc' dir='ltr'>ἀτολμίαν</span> <span class='ocrx_word' id='word_1_188' title='bbox 374 3656 524 3728; x_wconf 83' lang='grc' dir='ltr'>ἐπεκάλει</span> <span class='ocrx_word' id='word_1_189' title='bbox 558 3665 624 3736; x_wconf 82' lang='grc' dir='ltr'>τοῖς</span> <span class='ocrx_word' id='word_1_190' title='bbox 655 3657 888 3751; x_wconf 77' lang='grc' dir='ltr'>πολιτεύμασιν</span> <span class='ocrx_word' id='word_1_191' title='bbox 917 3659 1019 3729; x_wconf 78' lang='grc' dir='ltr'>αὐτοῦ</span> <span class='ocrx_word' id='word_1_192' title='bbox 1046 3659 1099 3730; x_wconf 81' lang='grc' dir='ltr'>καί</span> <span class='ocrx_word' id='word_1_193' title='bbox 1126 3656 1316 3755; x_wconf 80' lang='grc' dir='ltr'>μέλλησιν.”</span> 
     </span>
    </p>
   </div>
   <div class='ocr_carea' id='block_1_3' title="bbox 180 4053 1314 4254">
    <p class='ocr_par' dir='ltr' id='par_1_6' title="bbox 180 4053 1314 4254">
     <span class='ocr_line' id='line_1_28' title="bbox 224 4053 1313 4137; baseline -0.001 -20"><span class='ocrx_word' id='word_1_194' title='bbox 224 4055 262 4118; x_wconf 92' lang='grc' dir='ltr'>Ρ.</span> <span class='ocrx_word' id='word_1_195' title='bbox 286 4053 458 4137; x_wconf 88' lang='lat' dir='ltr'>Sulpicius</span> <span class='ocrx_word' id='word_1_196' title='bbox 481 4053 612 4129; x_wconf 78' lang='lat' dir='ltr'>Rufus,</span> <span class='ocrx_word' id='word_1_197' title='bbox 636 4055 731 4116; x_wconf 90' lang='lat' dir='ltr'>annis</span> <span class='ocrx_word' id='word_1_198' title='bbox 747 4057 868 4117; x_wconf 83' lang='lat' dir='ltr'>decern</span> <span class='ocrx_word' id='word_1_199' title='bbox 883 4055 991 4116; x_wconf 89' lang='lat' dir='ltr'>maior</span> <span class='ocrx_word' id='word_1_200' title='bbox 1006 4053 1190 4117; x_wconf 88' lang='lat' dir='ltr'>Hortensio</span> <span class='ocrx_word' id='word_1_201' title='bbox 1212 4054 1244 4135; x_wconf 88' lang='lat'>¹),</span> <span class='ocrx_word' id='word_1_202' title='bbox 1261 4055 1313 4116; x_wconf 88' lang='lat' dir='ltr'>uir</span> 
     </span>
     <span class='ocr_line' id='line_1_29' title="bbox 180 4170 1314 4254; baseline 0 -22"><span class='ocrx_word' id='word_1_203' title='bbox 180 4182 254 4234; x_wconf 88' lang='lat' dir='ltr'>erat</span> <span class='ocrx_word' id='word_1_204' title='bbox 276 4172 415 4254; x_wconf 89' lang='lat' dir='ltr'>ingenio</span> <span class='ocrx_word' id='word_1_205' title='bbox 438 4172 609 4234; x_wconf 88' lang='lat' dir='ltr'>uberrimo</span> <span class='ocrx_word' id='word_1_206' title='bbox 633 4170 799 4244; x_wconf 78' lang='lat' dir='ltr'>adfluenS,</span> <span class='ocrx_word' id='word_1_207' title='bbox 823 4170 987 4245; x_wconf 75' lang='lat' dir='ltr'>feruiduS,</span> <span class='ocrx_word' id='word_1_208' title='bbox 1012 4172 1045 4232; x_wconf 93' lang='lat' dir='ltr'>in</span> <span class='ocrx_word' id='word_1_209' title='bbox 1062 4171 1206 4233; x_wconf 91' lang='lat' dir='ltr'>dicendo</span> <span class='ocrx_word' id='word_1_210' title='bbox 1222 4190 1314 4233; x_wconf 88' lang='lat' dir='ltr'>acer-</span> 
     </span>
    </p>
   </div>
   <div class='ocr_carea' id='block_1_4' title="bbox 181 4391 388 4398">
    <p class='ocr_par' dir='ltr' id='par_1_7' title="bbox 181 4391 388 4398">
     <span class='ocr_line' id='line_1_30' title="bbox 181 4391 388 4398; baseline 0 -2"><span class='ocrx_word' id='word_1_211' title='bbox 181 4391 284 4398; x_wconf 78' lang='lat'>..—</span> <span class='ocrx_word' id='word_1_212' title='bbox 290 4391 364 4396; x_wconf 81' lang='lat'>—.-</span> <span class='ocrx_word' id='word_1_213' title='bbox 367 4391 388 4396; x_wconf 69' lang='lat'>..-</span> 
     </span>
    </p>
   </div>
   <div class='ocr_carea' id='block_1_5' title="bbox 220 4545 750 4632">
    <p class='ocr_par' dir='ltr' id='par_1_8' title="bbox 220 4545 750 4632">
     <span class='ocr_line' id='line_1_31' title="bbox 220 4545 750 4632; baseline -0.002 -28"><span class='ocrx_word' id='word_1_214' title='bbox 220 4545 242 4626; x_wconf 82' lang='grc'>1)</span> <span class='ocrx_word' id='word_1_215' title='bbox 265 4547 327 4605; x_wconf 72' lang='lat' dir='ltr'>Cic.</span> <span class='ocrx_word' id='word_1_216' title='bbox 350 4547 440 4632; x_wconf 76' lang='lat' dir='ltr'>Brut.</span> <span class='ocrx_word' id='word_1_217' title='bbox 463 4545 660 4604; x_wconf 78' lang='lat' dir='ltr'>LXXXVIII,</span> <span class='ocrx_word' id='word_1_218' title='bbox 683 4565 750 4624; x_wconf 85' lang='lat'><em>301.</em></span> 
     </span>
    </p>
   </div>
   <div class='ocr_carea' id='block_1_6' title="bbox 0 0 1657 5272">
    <p class='ocr_par' dir='ltr' id='par_1_9' title="bbox 0 0 1657 5272">
     <span class='ocr_line' id='line_1_32' title="bbox 0 0 1657 5272; baseline 0 0"><span class='ocrx_word' id='word_1_219' title='bbox 0 0 1657 5272; x_wconf 95' lang='lat' dir='ltr'> </span> 
     </span>
    </p>
   </div>
  </div>
 </body>
</html>
