3284 5272
710 525 749 583 97

209 696 300 762 Satis
342 708 458 761 autern
496 697 578 760 mihi
608 697 729 760 uideor
762 697 967 770 ostendisse,
1006 697 1226 759 Plutarchum
1266 708 1301 760 et

162 811 361 893 Appianum
388 832 434 876 ex
468 813 590 875 eodem
624 810 717 875 fonte
748 831 817 874 non
839 811 1002 874 hausisse.
1059 811 1174 874 Nihilo
1197 812 1301 894 igitur

161 928 273 1010 magis
304 947 407 1008 quam
439 928 483 990 ad
505 926 656 1000 Liuium,
690 927 734 989 ad
757 925 889 991 Sullam
913 928 1058 990 redeunt
1100 945 1188 1010 quae
1215 927 1299 990 Aru.

161 1041 285 1107 Mzffir.
310 1048 439 1122 51—-63
465 1043 613 1106 tradidit.

206 1159 314 1234 Lucu,
337 1180 369 1241 p.
391 1179 445 1233 12,
469 1159 512 1222 de
536 1159 601 1222 hac
624 1157 709 1221 belli
731 1167 829 1240 parte
846 1159 944 1222 dicit:
968 1172 1179 1240 „quanquam
1195 1153 1298 1244 (Plut.

162 1284 198 1337 et
220 1273 323 1356 App.)
346 1272 385 1337 in
407 1272 527 1338 multis
550 1271 775 1355 conueniunt,
799 1274 868 1336 iam
888 1294 1007 1350 exeo,
1024 1272 1300 1360 quodhr'cutque

161 1388 233 1454 r'llz'c
255 1389 465 1474 discrepant,
489 1390 614 1453 diuersi
635 1389 748 1452 fontes
771 1389 982 1472 arguuntur&
1027 1387 1146 1471 Itaque
1166 1363 1301 1453 mecum

160 1505 249 1588 Lely
272 1507 456 1589 consentit,
481 1507 626 1570 alterum
649 1527 696 1569 ex
722 1507 831 1570 altero
854 1526 916 1569 sua
938 1507 1139 1588 repetiuisse
1152 1516 1299 1569 auctore.

161 1622 212 1686 At
234 1623 344 1686 minus
366 1633 461 1686 recte
485 1623 582 1698 dicit,
606 1623 828 1685 Plutarchum
852 1632 887 1685 et
909 1621 1106 1704 Appianum
1129 1620 1167 1685 z'n
1183 1621 1300 1686 multis

161 1737 343 1802 conuenire
365 1739 453 1803 inter
475 1759 527 1813 se,
551 1735 605 1802 ln'c
629 1736 700 1802 illic
723 1737 921 1822 dricrepure.
964 1739 993 1800 E
1017 1739 1186 1802 contrario
1210 1740 1300 1802 enim

161 1855 356 1936 discrepant
379 1855 413 1918 in
436 1855 571 1930 multiS,
595 1855 800 1918 conueniunt
822 1854 879 1917 hic
902 1855 980 1917 illic.

207 1969 388 2060 Caeterum
409 1951 498 2054 Lelp
520 1972 603 2035 mihi
625 1992 694 2034 non
716 1972 898 2053 probasse,
921 1971 1012 2052 quod
1027 1989 1059 2052 p.
1081 1993 1092 2033 1
1110 1971 1299 2045 contendit,

160 2087 267 2150 uitam
290 2085 409 2152 Sullae
432 2106 495 2169 pro
518 2088 647 2151 maiore
669 2097 766 2169 parte
790 2108 810 2150 e
832 2087 931 2149 Liuio
953 2088 1109 2150 haustam
1133 2107 1230 2162 esse,
1255 2107 1300 2150 ex

162 2203 231 2284 eis,
267 2224 354 2285 quae
389 2223 491 2285 supra
523 2204 651 2284 passim
688 2223 709 2266 a
742 2223 798 2265 me
833 2204 1040 2276 dictasunt,
1075 2211 1180 2285 patet.
1226 2203 1300 2265 Iam

163 2319 339 2382 uideamus
361 2320 406 2382 de
435 2319 508 2382 eius
530 2319 748 2402 argumentis
794 2319 873 2400 Ipse
896 2319 931 2381 in
953 2317 1020 2384 fine
1045 2318 1166 2400 capitis
1188 2319 1205 2380 Ι
1227 2319 1299 2394 eiS‚

161 2435 283 2517 quibus
316 2436 450 2510 nititur,
485 2436 608 2499 adlatis
643 2455 719 2499 eam
754 2435 892 2518 quidem
925 2435 1053 2499 iterans
1075 2435 1299 2498 sententiam:

165 2553 338 2634 „suspicor
366 2552 474 2615 multa
503 2573 522 2615 e
557 2552 654 2616 Liuio
678 2553 712 2614 in
735 2552 840 2615 uitam
864 2550 982 2616 Sullae
1006 2551 1179 2615 manasse”
1202 2551 1300 2634 (Lely

161 2687 195 2750 p.
223 2669 273 2750 15)
298 2670 404 2731 uerba
426 2688 488 2731 sua
510 2669 578 2731 iam
600 2668 782 2751 mitigauit.
830 2668 1047 2750 Argumenta
1070 2677 1184 2731 autem
1208 2667 1299 2742 eiuS,

165 2799 254 2866 quae
277 2785 360 2847 mihi
381 2785 484 2847 ualde
513 2783 644 2847 infirma
666 2785 837 2858 uidentur,
861 2779 947 2848 haec
970 2793 1067 2848 sunt:
1098 2807 1122 2846 1.
1139 2783 1255 2847 Liuius
1279 2804 1299 2846 a

160 2901 347 2964 Plutarcho
381 2902 553 2975 laudatur,
591 2922 618 2964 2.
653 2901 741 2964 Liuii
769 2901 812 2963 de
837 2899 935 2965 Sulla
957 2901 1117 2965 iudicium
1141 2901 1300 2964 conuenit

66 3093 69 3096 Ι
161 3038 238 3080 cum
275 3017 400 3081 iudicio
439 3018 623 3081 Plutarchi.
680 3016 833 3099 Quorum
872 3018 1016 3079 duorum
1062 3018 1147 3080 illud
1184 3018 1299 3080 statim

161 3134 385 3197 omittendum
416 3143 483 3206 est,
518 3135 665 3215 primum
692 3135 772 3215 quia
799 3133 1003 3196 Plutarchus
1029 3132 1164 3196 Liuium
1190 3134 1299 3196 semel

160 3259 292 3313 tantum
333 3251 415 3314 citat
448 3250 499 3328 (cf.
534 3271 567 3332 p.
605 3270 643 3329 25
686 3260 755 3313 not.
789 3251 834 3330 3),
870 3249 993 3313 deinde
1030 3249 1191 3331 quoniam
1225 3269 1296 3328 reS‚

161 3367 331 3448 adquam
354 3365 619 3430 confirmandam
642 3387 720 3429 eum
743 3365 880 3439 laudat,
901 3365 1040 3427 leuioris
1063 3365 1226 3428 momenti
1246 3375 1299 3428 est

160 3481 211 3564 (cf.
227 3482 327 3545 Prur.
352 3480 437 3547 Sull.
462 3485 507 3562 ὁ),
539 3491 611 3546 tum
634 3481 835 3563 praesertim
851 3480 930 3562 quia
953 3501 973 3542 e
991 3480 1105 3554 Liuio,
1122 3500 1144 3541 a
1166 3480 1298 3543 Plutar-

161 3600 226 3662 cho
257 3599 364 3661 semel
388 3598 507 3671 citat0,
542 3597 637 3660 nullo
669 3599 771 3660 modo
796 3596 1039 3678 conligendum
1063 3605 1131 3670 est,
1166 3595 1298 3659 Plutar-

161 3715 261 3778 chum
293 3715 328 3776 in
361 3713 444 3777 Vita
467 3711 587 3778 Sullae
612 3714 779 3776 tradenda
802 3712 937 3774 Liuium
964 3719 1118 3774 secutum
1144 3731 1219 3773 esse
1246 3709 1297 3793 (cf.

160 3849 310 3912 prooem.
333 3850 366 3912 p.
391 3829 429 3910 5).
454 3828 556 3910 Quod
578 3829 622 3891 ad
645 3829 789 3891 alterum
808 3828 955 3902 adtinet,
979 3828 1022 3890 de
1042 3846 1085 3890 eo
1108 3826 1191 3889 mihi
1206 3827 1297 3889 idem

161 3947 342 4010 dicendum
369 3946 511 4018 uidetur,
530 3947 622 4027 quod
636 3945 724 4026 Lely
743 3945 817 4026 ipse
842 3945 885 4006 de
909 3943 1068 4025 opinione
1084 3943 1122 4006 E.
1138 3943 1296 4016 Krausu,

160 4063 199 4128 de
221 4060 439 4148 scrz'plorz'bus
461 4059 581 4124 uetans
604 4059 768 4126 Sullanae
796 4065 899 4139 1876,
923 4059 1013 4122 dicit.
1060 4059 1164 4121 Putat
1186 4059 1296 4121 Kleb·

160 4180 245 4254 sius,
268 4177 402 4242 Liuium
425 4178 602 4242 Plutarchi
625 4175 727 4241 Vitae
751 4175 870 4241 Sullae
893 4177 1050 4249 subesse,
1076 4195 1152 4238 cum
1182 4174 1296 4237 multis

78 4313 81 4322 ·
160 4295 245 4359 locis
267 4296 356 4358 bene
388 4294 569 4359 conueniat
596 4314 672 4356 cum
696 4292 856 4375 Appiano
880 4292 915 4353 in
937 4291 1195 4354 Mithradaticis
1240 4287 1295 4352 De

161 4432 229 4493 qua
262 4411 430 4474 sententia
462 4410 550 4492 Lely
576 4410 664 4472 haec
687 4410 793 4470 habet
814 4408 857 4489 (p.
888 4405 957 4487 14):
985 4403 1076 4481 „Sed
1098 4425 1135 4468 re
1158 4424 1296 4486 prorsus

161 4528 291 4590 incerta
312 4527 445 4600 nititur,
468 4546 579 4607 neque
607 4526 696 4588 enim
719 4526 762 4586 de
785 4522 879 4586 fonte
902 4522 1054 4603 Appiani
1076 4522 1124 4583 ita
1147 4529 1296 4594 constat,

1171 4632 1187 4682 7
