3284 5272
869 581 930 639 ¹³0

328 753 475 814 Marium
497 753 739 833 interemptum
761 772 839 814 esse
862 753 907 814 ab
931 751 1140 825 hominibus,
1167 752 1202 813 in
1224 751 1388 814 foramine
1412 773 1478 814 cu-

326 867 430 929 niculi
453 867 632 948 dispositis,
680 867 804 929 Narrat
827 879 958 940 tamen,
975 867 1080 930 etiam
1102 887 1193 940 esse,
1224 868 1282 948 qui
1305 887 1383 929 eum
1406 887 1478 928 sua

327 1002 444 1056 manu,
479 993 515 1044 et
548 983 607 1063 qui
643 1002 722 1044 eum
752 993 1012 1045 concurrentem
1042 1003 1121 1045 cum
1151 982 1312 1045 Telesino
1342 983 1476 1044 mutuis

326 1099 451 1162 ictibus
473 1099 641 1162 interiisse
664 1100 865 1162 rettulerint.

372 1215 505 1277 Eodem
538 1216 641 1276 modo
671 1216 810 1278 tradunt
832 1214 932 1288 Arm,
952 1214 1039 1288 L1v.,
1071 1214 1185 1286 Vm„
1212 1213 1359 1276 Marium
1381 1233 1476 1276 mor-

326 1339 396 1392 tem
419 1329 485 1392 sibi
508 1329 715 1392 consciuisse
737 1330 930 1410 desperatis
953 1331 1056 1392 rebus
1079 1339 1160 1411 post
1181 1349 1337 1412 pugnam
1359 1348 1473 1410 prope

326 1447 455 1508 urbem.

370 1561 459 1623 Item
481 1580 619 1642 quoque
643 1559 757 1635 Oros,
781 1562 857 1643 qui,
885 1581 1080 1643 quanquam
1104 1570 1198 1623 tacet
1220 1561 1264 1622 de
1287 1559 1472 1630 cuniculiS‚

327 1687 443 1738 tamen
472 1677 615 1757 perinde
645 1696 686 1739 ac
710 1675 827 1738 Liuius
850 1676 946 1738 illam
976 1687 1122 1738 mortem
1153 1675 1324 1738 describit
1369 1674 1472 1736 Unus

325 1791 479 1864 Erimon,
502 1790 545 1864 V,
570 1797 605 1864 8,
629 1810 685 1853 res
707 1793 838 1864 turbat,
861 1811 941 1853 nam
963 1791 1100 1854 inuerso
1124 1791 1243 1853 ordine
1265 1789 1361 1870 prius
1383 1790 1469 1851 dicit

329 1904 468 1987 „(Sulla)
491 1905 639 1967 Marium
662 1905 848 1968 Praeneste
871 1915 1071 1988 persecutus
1095 1906 1231 1968 obsedit
1254 1905 1357 1968 etad
1379 1923 1469 1965 mor-

325 2029 396 2082 tem
418 2019 603 2100 conpulit'',
626 2039 668 2082 ac
691 2031 764 2082 tum
787 2021 926 2082 demum
952 2040 1085 2094 „rursus
1108 2020 1230 2082 babuit
1251 2037 1406 2101 pugnam
1420 2019 1470 2079 ad

325 2145 461 2215 portam
485 2135 680 2198 Collinam”.

373 2269 402 2324 5.
425 2246 508 2309 Are.
531 2247 557 2309 Ι.
582 2267 642 2326 97:
666 2241 799 2334 „ebtdva
825 2266 862 2310 τε
887 2241 990 2311 αὐτοῦ
1017 2242 1198 2337 ἐπίχρυσον
1219 2240 1387 2311 &idimon
1401 2241 1468 2336 πρὶν

327 2365 393 2428 τῶν
408 2359 561 2457 ἐμβόλων
577 2358 741 2430 ἀνέθεσαν
755 2361 807 2430 καὶ
822 2361 1015 2458 ὑπέγραψαν
1029 2357 1298 2432 ΚΟΡΝΗΛΙΟΥ
1312 2356 1468 2431 ΣΥΛΛΑ

327 2475 575 2550 ΗΓἙΜΟΝΟΣ
608 2475 849 2550 ΕΠΥΧΟΥΣ
877 2479 914 2572 ¹).
946 2480 1013 2550 ὦδε
1039 2480 1102 2577 γὰρ
1129 2480 1229 2550 αὐτὸν
1257 2483 1289 2548 οἱ
1312 2480 1466 2571 κόλακες,

326 2598 559 2692 διευτυχοῦντα
586 2598 639 2667 ἐπὶ
660 2605 727 2676 τοῖς
754 2596 906 2694 ἐχθροῖς,
935 2598 1121 2691 ὠνόμαζον·
1149 2600 1202 2669 καὶ
1233 2596 1404 2695 προῆλθεν
1431 2599 1466 2675 ἐς

327 2717 460 2816 βέβαιον
487 2716 593 2810 ὄνομα
620 2715 844 2812 ἡκολακεία”.
891 2724 986 2808 Ergo
1010 2727 1055 2788 ob
1079 2725 1258 2788 continuos
1288 2743 1368 2786 suos
1389 2743 1466 2785 suc-

326 2855 442 2898 cessus
465 2834 563 2899 Sulla
586 2837 846 2918 cognominatur
861 2834 972 2899 Felix.
1018 2836 1128 2910 an,
1151 2836 1203 2910 Π,
1230 2856 1285 2915 27:
1312 2835 1465 2916 „dequo

325 2952 448 3013 iuuene
474 2951 607 3032 (Mario)
632 2952 715 3032 quid
748 2952 995 3015 existimauerit
1023 2950 1122 3016 Sulla
1151 2952 1186 3013 in
1215 2960 1377 3032 promptu
1399 2959 1463 3022 est;

326 3067 440 3129 occiso
464 3067 555 3128 enirn
577 3067 716 3128 demum
739 3087 781 3128 eo
804 3066 931 3129 Felicis
953 3086 1078 3129 nomen
1101 3065 1314 3147 adsumpsit’f.
1341 3064 1460 3127 Metuit

324 3181 431 3262 igitur
463 3182 650 3243 secundum
684 3180 858 3244 Velleium
892 3179 991 3245 Sulla
1025 3190 1206 3263 tantopere
1241 3180 1404 3253 Marium,
1427 3187 1464 3240 ut

325 3315 408 3376 prae
442 3296 569 3376 gaudio
612 3297 715 3358 animi
753 3295 861 3359 ferme
895 3316 964 3358 non
1003 3316 1162 3377 compoS‚
1204 3316 1283 3358 cum
1319 3305 1465 3357 mortem

326 3411 433 3472 hostis
467 3411 532 3472 sibi
564 3411 754 3474 nuntiatam
784 3411 972 3485 audiuedt,
994 3411 1147 3474 Felicem
1169 3421 1244 3473 tum
1266 3412 1405 3472 demum
1428 3429 1465 3471 se

326 3545 402 3588 esse
426 3526 638 3588 existimaret
668 3525 971 3609 cognominarique
1004 3526 1146 3589 iuberet.
1191 3525 1288 3587 Idem
1322 3526 1387 3586 hac
1421 3524 1465 3585 de

326 3667 364 3709 re
404 3648 558 3729 cogitare
607 3648 767 3711 uidentur
814 3647 914 3710 Ptur.
958 3645 1044 3712 Sull.
1086 3669 1143 3726 34:
1186 3639 1264 3735 „noi
1295 3639 1464 3710 ἐκέλευσεν

326 3761 442 3830 ἑαυτὸν
472 3756 608 3855 Εὐτυχῆ
635 3757 976 3857 προςαγορεὺεσθαι”,
1001 3777 1104 3848 atque
1132 3765 1237 3828 Aocr.
1261 3765 1302 3828 de
1324 3763 1391 3828 uir.
1416 3763 1463 3826 ill.

336 3957 529 3965 ——n———a-——n

324 4059 438 4118 Marius
459 4060 522 4119 und
542 4061 596 4118 der
613 4060 695 4120 Solm
716 4059 770 4118 des
783 4058 907 4118 Pontius
920 4067 1053 4117 sturzten
1066 4056 1130 4116 sich
1143 4055 1225 4116 einer
1238 4055 1269 4114 in
1282 4055 1337 4114 des
1349 4054 1464 4114 andem

324 4157 485 4231 Schwert'',
507 4157 669 4218 nescio—
690 4159 872 4230 Dimum,
893 4159 933 4217 H.
955 4177 986 4234 p.
1008 4158 1068 4230 468
1089 4154 1178 4214 dicit:
1201 4156 1263 4230 „als
1277 4173 1310 4213 er
1325 4152 1463 4229 (Marius)

326 4256 391 4328 sah,
423 4256 492 4315 dass
523 4276 555 4315 er
583 4256 665 4316 nicht
692 4256 849 4316 entriunen
874 4257 1000 4327 boante,
1028 4254 1180 4315 beschloss
1206 4272 1239 4312 er
1266 4252 1321 4311 mit
1339 4250 1463 4311 Pontius

324 4353 494 4428 TelesinuS,
532 4357 595 4413 dem
622 4358 776 4430 jungerer
806 4356 933 4413 Bruder
962 4355 1016 4412 des
1047 4353 1148 4411 fioher
1178 4351 1366 4423 erwahnten,
1398 4348 1462 4413 sich

325 4451 507 4532 gepenseitig
527 4474 564 4512 zu
585 4454 826 4513 durchbohren.”

373 4551 392 4629 ¹)
413 4553 458 4610 Cs.
482 4573 511 4629 p.
536 4572 609 4628 113,
631 4559 689 4611 nol.
712 4573 740 4629 3.
