3284 5272
878 519 920 576 80

331 707 515 770 lectissima
549 706 768 787 septuaginta
801 706 894 768 milia
928 707 1071 768 militum
1102 705 1276 767 Archelao
1300 704 1333 765 in
1362 703 1462 765 subsi-

332 825 425 886 dium
459 823 549 885 misit
578 843 623 884 ex
654 821 748 884 Asia.
794 819 955 884 Secundo
984 821 1114 902 praelio
1137 822 1192 903 (ad
1215 820 1463 883 Orchomenum

331 938 521 1019 commisso)
544 937 737 1019 quindecim
768 937 861 999 milia
884 957 930 998 ex
959 937 1012 998 his
1039 936 1218 1000 interfecta
1241 945 1318 998 sunt
1352 935 1463 1016 ibique

332 1055 509 1136 Diogenes
530 1052 695 1116 Archelai
714 1051 803 1115 filius
818 1053 1007 1115 trucidatus
1023 1065 1084 1115 est.
1107 1053 1224 1115 Tertio
1240 1052 1334 1115 bello
1350 1071 1464 1113 omnes

333 1171 472 1252 copiae,
503 1190 588 1252 quas
620 1169 811 1232 Archelaus
833 1171 1001 1244 habebat,
1035 1170 1225 1232 exstinctae
1249 1177 1335 1231 sunt.
1380 1167 1465 1230 Nam

332 1287 453 1369 uiginti
476 1286 570 1348 milia
592 1286 737 1348 militum
761 1287 833 1348 eius
856 1286 890 1347 in
914 1286 1076 1367 paludem
1098 1286 1216 1366 pulsa,
1250 1304 1327 1348 cum
1350 1281 1466 1346 Sullae

332 1401 435 1464 fidem
466 1401 692 1482 inplorarent,
722 1401 904 1463 insatiabili
935 1401 1074 1463 uictoris
1100 1401 1150 1462 ira
1183 1398 1362 1462 interfecta
1391 1406 1468 1460 sunt

333 1517 542 1598 totidemque
566 1515 634 1578 alia
657 1516 692 1577 in
715 1515 842 1578 flumen
866 1526 986 1579 coacta
1009 1536 1049 1578 ac
1073 1524 1210 1589 necata,
1233 1515 1355 1596 reliqui
1371 1514 1466 1576 mise-

334 1652 446 1695 rorum
469 1631 597 1714 passim
620 1632 780 1694 trucidati
806 1641 892 1694 sunt.

378 1747 486 1809 Porro
509 1756 623 1810 autern
639 1747 865 1810 Mithradates
880 1748 915 1809 in
930 1747 1017 1809 Asia
1032 1744 1316 1810 nobilissimarum
1335 1745 1468 1807 urbium

334 1863 504 1944 principes
539 1863 695 1927 occidere
729 1864 888 1944 bonaque
917 1883 1036 1925 eorum
1063 1862 1241 1943 publicare
1280 1862 1392 1923 animo
1422 1861 1469 1922 in-

335 1978 491 2040 tenderat
522 1997 668 2059 cumque
699 1955 766 2040 iam
789 1978 870 2040 mile
895 1988 929 2040 et
952 1987 1135 2040 sexcentos
1157 1978 1205 2040 ita
1230 1975 1468 2049 interfecisset,
1504 1977 1508 1984 ⁴

336 2093 475 2174 Ephesii
511 2094 710 2174 exemplum
747 2103 905 2156 uerentes
944 2095 1153 2174 exclusoque
1190 2093 1359 2174 praesidio
1399 2093 1470 2154 eius

335 2205 451 2291 porta's
474 2210 681 2272 obiecerunt.
729 2208 892 2273 Similiter
915 2207 1110 2291 Smyrnaei,
1136 2209 1352 2290 Colophonii,
1376 2209 1470 2270 Tral-

337 2326 484 2407 lianique
507 2324 662 2388 fecerunt
680 2322 726 2405 ¹).’'

383 2694 438 2756 De
460 2692 559 2754 Pcur.
586 2713 627 2754 20
649 2702 684 2755 et
709 2713 744 2753 21
774 2702 809 2755 et
833 2692 916 2756 ΑΡΡ.
941 2713 1091 2771 45—50,
1123 2695 1211 2756 inter
1241 2714 1317 2757 sese
1348 2714 1471 2775 conpa-

337 2809 433 2883 ratiS‚
449 2810 535 2870 haec
547 2808 581 2871 in
592 2809 742 2870 medium
756 2806 962 2889 proferenda
973 2818 1058 2871 sunt.
1077 2808 1209 2872 Multus
1221 2818 1272 2872 est
1284 2809 1472 2891 Appianus‚

338 2934 520 3006 antequam
554 2924 597 2985 de
631 2925 707 3004 ipso
741 2925 873 3004 proelio
911 2924 999 3005 agit,
1033 2925 1068 2986 in
1097 2925 1272 2987 narrandis
1301 2925 1473 2987 atrocibus

338 3043 454 3114 rebUS,
489 3061 578 3122 quae
608 3040 751 3103 diuersis
781 3040 887 3102 Asiae
918 3041 1059 3103 urbibus
1090 3062 1131 3104 ac
1158 3042 1357 3122 praesertim
1381 3040 1473 3104 Chiis

338 3157 538 3230 acciderint,
577 3157 620 3218 de
654 3156 776 3237 quibus
811 3156 967 3219 omnibus
998 3157 1090 3238 apud
1117 3157 1338 3220 Plutarchum
1360 3159 1473 3219 nullus

338 3291 449 3335 sermo
484 3282 544 3335 est.
591 3272 659 3337 Hic
693 3271 766 3334 fuse
796 3272 910 3335 locum
942 3273 1120 3347 describit,
1157 3274 1249 3355 quod
1280 3273 1417 3354 quidem
1441 3273 1473 3334 in

340 3389 540 3462 Plutarcho,
564 3389 714 3470 regionis
737 3389 810 3451 eius
832 3389 994 3470 indigena
1018 3398 1053 3451 et
1067 3388 1193 3464 incola,
1209 3409 1310 3452 nemo
1326 3388 1474 3462 miretur,

339 3503 496 3585 qualibus
518 3523 600 3565 uero
624 3504 831 3566 ornamentis
854 3503 1006 3586 Appiani
1027 3505 1176 3568 narratio
1207 3505 1345 3567 omnino
1370 3513 1473 3567 caret.

341 3618 442 3700 Quod
465 3620 595 3682 adtinet
619 3621 663 3682 ad
684 3639 838 3702 pugnam
859 3621 985 3701 ipsam,
1017 3620 1051 3683 in
1074 3641 1116 3683 ea
1146 3621 1366 3683 memoranda
1388 3620 1476 3682 inter

344 3754 420 3796 sese
444 3733 647 3815 conspirant.

384 3849 457 3911 Iam
474 3849 659 3911 insontem
682 3848 763 3912 Are.
789 3869 921 3927 45—-50
943 3850 1164 3931 inquirentes,
1188 3850 1380 3924 uideamus,
1404 3850 1475 3930 qui-

287 4005 290 4012 ι
342 3967 487 4028 busnam
524 3966 735 4048 argumentis
769 3967 896 4040 nitenS,
935 3966 1100 4028 lordanus
1135 3967 1268 4029 Liuium
1303 3976 1477 4028 auctorem

343 4083 519 4162 habeat²):

430 4297 523 4305 .--κ-,ψ

379 4399 411 4507 Ἰ)
434 4429 478 4487 cf.
500 4430 683 4500 Monesen,
705 4429 743 4485 R.
770 4427 818 4499 a,
841 4429 879 4484 n.
902 4447 931 4503 p.
956 4447 1032 4502 294,
1055 4434 1112 4484 na.

390 4527 584 4606 ²)10RDnN·.‚
607 4547 636 4602 p.
658 4543 787 4601 43-47.
