3284 5272
721 466 779 520 ¹19

178 635 461 734 ,,εὐτυχε’ςατος”,
487 654 523 707 ut
539 643 621 706 Am.
638 643 733 718 dicit,
759 637 914 736 ,,ἀνδρῶν
941 639 975 717 ἔς
1001 664 1037 709 τε
1063 640 1101 710 ri
1123 638 1217 717 τέλος
1235 639 1315 709 αὐτὸ

176 757 230 828 καλ
257 759 291 836 ἐς
315 757 421 828 τᾶλλα
445 755 555 827 πάντα
570 813 579 852 ,
596 752 704 855 ὥςπερ
718 757 773 828 καλ
791 757 1002 855 ὠνομάζετο,
1024 756 1179 854 γενέσθαι
1198 759 1315 854 δοκῶν,

176 880 206 948 εἰ
232 877 273 975 δή
300 902 347 956 τις
374 876 527 975 εὐτυχίαν
567 879 681 973 ἡγοῖτο
711 885 821 974 τυχεῖν
850 876 938 948 ὅσων
966 879 1006 949 ἂν
1034 877 1168 976 ἐθέλῃ”.
1221 885 1317 949 Rixa

176 1007 249 1062 tum
288 1007 410 1062 exorta
447 1007 499 1060 est
541 997 630 1062 inter
668 999 753 1060 duas
783 997 966 1074 factiones,
1003 1000 1152 1062 cadauer
1189 1019 1318 1082 pompa

173 1113 309 1177 funebri
333 1114 571 1178 deducendum
595 1119 686 1177 'esset
708 1134 771 1196 per
794 1115 929 1178 Italiam
952 1114 1158 1197 Romaeque
1183 1115 1217 1178 in
1242 1115 1317 1179 foro

177 1232 435 1312 exponendum,
461 1251 579 1294 necne.
625 1228 844 1294 Aduersante
879 1231 1011 1313 Lepido
1047 1252 1125 1295 cum
1154 1252 1216 1295 sua
1248 1231 1317 1296 fac·

175 1348 268 1410 tione
308 1346 448 1422 Catulus
493 1347 584 1410 uicit.
641 1347 762 1429 Itaque
798 1367 941 1429 corpore
975 1349 1010 1410 in
1045 1349 1165 1410 urbem
1199 1348 1316 1411 delato

174 1463 275 1528 funus
297 1465 679 1547 splendidissimumest
703 1466 930 1540 celebratum,
954 1465 988 1528 in
1012 1485 1079 1546 quo
1096 1453 1316 1548 depingendo

176 1581 303 1644 multus
337 1581 519 1662 Appianus
547 1589 608 1644 est.
653 1579 783 1644 Fausto
817 1579 888 1644 filio
922 1582 1073 1644 nondum
1103 1591 1237 1644 maturo
1265 1581 1318 1643 uir

178 1716 220 1759 ea
250 1705 456 1777 tempestate
483 1696 779 1778 eloquentissimus
808 1694 941 1759 Sullam
974 1717 1036 1778 pro
1060 1697 1178 1760 rostris
1201 1697 1318 1758 lauda-

176 1812 226 1874 uit
248 1811 457 1894 (roo-406).

646 2007 703 2014 .-,-.,
716 2007 795 2012 ...-.-..-
806 2007 836 2012 ..-
850 2008 853 2013 .

715 2212 783 2284 §2-

186 2413 237 2467 De
257 2413 457 2469 auctoribus
475 2412 657 2468 Plutarchi
676 2413 713 2466 et
729 2412 896 2479 Appiani,
916 2425 972 2467 res
990 2411 1148 2467 Sullanas
1168 2412 1205 2466 in
1223 2412 1307 2468 belli

403 2509 518 2563 ciuilis
536 2509 637 2575 parte
655 2508 850 2575 posteriore
869 2507 1094 2562 tradentium.

222 2705 463 2769 Commentarii
486 2703 604 2768 Sullae
628 2725 649 2766 a
670 2704 857 2768 Plutarcho
881 2703 1028 2767 citantur
1055 2723 1128 2785 cap.
1150 2724 1188 2784 27
1216 2713 1269 2768 ter
1282 2701 1316 2786 ¹),

177 2841 251 2903 cap.
288 2827 329 2884 28
365 2822 471 2883 semel
487 2820 522 2902 ²),
559 2840 632 2902 cap.
666 2838 706 2901 37
739 2820 847 2882 semel
862 2819 894 2900 3).
939 2819 1125 2882 Praeterea
1159 2820 1317 2884 laudatur

176 2937 373 3001 Fenestella
396 2958 469 3020 cap.
497 2943 536 3000 28
553 2935 591 3024 ⁴).

183 3117 229 3125 ...0
234 3115 377 3124 ,----.-—

226 3215 247 3296 ¹)
269 3219 288 3280 ὁ
310 3214 443 3290 Σύλλας
468 3216 636 3302 διέβαινεν
661 3219 711 3293 ὣς
736 3238 862 3300 φησιν
880 3218 1018 3290 αὐτὸς.
1038 3253 1075 3262 -
1100 3227 1193 3283 τοῦτο
1207 3217 1316 3283 αἴτιον

176 3326 264 3411 αὐτῷ
278 3327 435 3408 γενέσθαι·
449 3326 548 3408 φησί
559 3353 587 3392 ν.
598 3361 640 3372 --
651 3327 685 3389 ἐν
701 3323 735 3387 δὲ
749 3325 896 3407 Σιλονίῳ
910 3327 1036 3410 φησὶν
1053 3326 1202 3410 ἐντυχεῖν
1217 3324 1315 3407 αὐτῷ.

226 3430 253 3520 ²)
279 3435 313 3500 ἐν
338 3435 439 3518 ταύτῃ
464 3443 504 3519 τῇ
526 3437 610 3516 μάχῃ
635 3438 668 3495 Σ
676 3435 698 3496 r!
704 3429 806 3505 λλας
831 3435 958 3514 φησὶν
985 3430 1083 3497 εἴκοσι
1105 3440 1188 3514 τρεῖς
1199 3439 1318 3514 μόνους

178 3538 371 3627 ἀποβαλεῖν.

227 3647 248 3731 ²)
276 3653 312 3714 τὸ
346 3650 406 3733 γὰρ
443 3649 566 3720 εἶκοςόν
601 3651 656 3710 καὶ
689 3644 838 3728 δεύτερον
874 3651 939 3711 τῶν
975 3651 1215 3730 ὑπομνημάτων
1257 3651 1317 3728 πρὸ

178 3757 268 3821 δυεῖν
302 3759 427 3841 ἡμερῶν
462 3760 483 3837 ἠ
506 3751 655 3820 ε’τελετλτα
691 3761 823 3837 γράφων
858 3755 1032 3817 ἐπαύσατο·
1065 3754 1121 3816 καί
1152 3778 1249 3837 φησι
1275 3791 1317 3800 -

179 3861 292 3945 λέγει
319 3864 352 3928 δὲ
378 3865 442 3927 uri.
945 3851 947 3856 ,

224 3970 247 4053 4)
271 3975 354 4037 ἔνιοι
386 3968 420 4034 δέ
453 3991 571 4051 φασιν,
605 3954 651 4032 ὧν
685 3970 739 4032 καὶ
773 3965 996 4042 Φαινεςέλλας
1029 3970 1114 4043 ε’ςίν,
1139 3985 1156 4026 e
1177 3986 1237 4043 quo
1258 3986 1319 4026 non

178 4076 320 4154 sequitur,
350 4075 542 4134 Plutarchum
571 4074 736 4134 Fenestella
764 4092 851 4132 usum
884 4092 957 4133 esse.
999 4073 1045 4132 Cf.
1068 4090 1203 4150 prooem.
1228 4091 1257 4148 p.
1281 4087 1318 4146 53

180 4197 206 4236 c.
228 4178 281 4250 IV,
303 4183 316 4248 ξ
340 4196 366 4250 2,
387 4195 416 4252 p.
442 4192 488 4247 74.
523 4173 683 4234 Caeterum
713 4172 879 4232 Fenestella
907 4171 982 4231 uixit
1012 4169 1140 4249 Augusti
1168 4180 1318 4247 tempore,

176 4277 301 4336 fortasse
316 4293 435 4352 quoque
446 4274 501 4333 sub
513 4271 645 4332 Tiberio.
667 4274 835 4332 Varronem
848 4270 902 4331 sibi
916 4271 1004 4350 elegit
1015 4271 1175 4347 exemplar.
1197 4268 1320 4346 Scripsit

177 4373 316 4434 historias
337 4382 366 4432 et
387 4372 528 4432 carmina.
551 4370 800 4449 Septuagenarius
821 4380 977 4443 mortuus,
1000 4369 1102 4429 Cumis
1123 4369 1255 4446 sepultus
1266 4378 1318 4428 est.

182 4475 226 4534 Cf.
243 4475 340 4533 Ptur.
360 4473 461 4532 Crass.
485 4490 500 4550 5
518 4481 591 4532 extr.
605 4507 641 4514 -
655 4472 682 4530 T
683 4487 815 4544 sursus,
831 4471 917 4529 Rom.
929 4471 1000 4528 Lilt.
1012 4469 1059 4528 ed.
1072 4470 1129 4542 III,
1142 4487 1171 4544 p.
1184 4470 1239 4548 561
1254 4487 1318 4545 sqq.
