<?xml version="1.0" encoding="UTF-8"?>
<!DOCTYPE html PUBLIC "-//W3C//DTD XHTML 1.0 Transitional//EN"
    "http://www.w3.org/TR/xhtml1/DTD/xhtml1-transitional.dtd">
<html xmlns="http://www.w3.org/1999/xhtml" xml:lang="en" lang="en">
 <head>
  <title>
</title>
<meta http-equiv="Content-Type" content="text/html;charset=utf-8" />
  <meta name='ocr-system' content='tesseract 3.04.00' />
  <meta name='ocr-capabilities' content='ocr_page ocr_carea ocr_par ocr_line ocrx_word'/>
</head>
<body>
  <div class='ocr_page' id='page_1' title='image "./defontibuspluta00kuypgoog_0110.png"; bbox 0 0 3284 5272; ppageno 0'>
   <div class='ocr_carea' id='block_1_1' title="bbox 157 710 1301 2546">
    <p class='ocr_par' dir='ltr' id='par_1_1' title="bbox 158 710 1297 912">
     <span class='ocr_line' id='line_1_1' title="bbox 204 710 1297 796; baseline -0.001 -19"><span class='ocrx_word' id='word_1_1' title='bbox 204 715 326 778; x_wconf 80' lang='lat' dir='ltr'>Paullo</span> <span class='ocrx_word' id='word_1_2' title='bbox 359 724 438 776; x_wconf 86' lang='lat' dir='ltr'>ante</span> <span class='ocrx_word' id='word_1_3' title='bbox 461 715 525 796; x_wconf 82' lang='lat'>(51)</span> <span class='ocrx_word' id='word_1_4' title='bbox 548 712 652 776; x_wconf 87' lang='lat' dir='ltr'><strong>refert</strong></span> <span class='ocrx_word' id='word_1_5' title='bbox 683 714 835 794; x_wconf 90' lang='lat' dir='ltr'>quidem,</span> <span class='ocrx_word' id='word_1_6' title='bbox 860 710 992 776; x_wconf 81' lang='lat' dir='ltr'>Sullam</span> <span class='ocrx_word' id='word_1_7' title='bbox 1016 713 1197 777; x_wconf 83' lang='lat' dir='ltr'>Boeotiam</span> <span class='ocrx_word' id='word_1_8' title='bbox 1220 715 1297 777; x_wconf 90' lang='lat' dir='ltr'>diri·</span> 
     </span>
     <span class='ocr_line' id='line_1_2' title="bbox 158 828 1147 912; baseline -0.002 -19"><span class='ocrx_word' id='word_1_9' title='bbox 158 831 287 912; x_wconf 89' lang='lat' dir='ltr'>puisse,</span> <span class='ocrx_word' id='word_1_10' title='bbox 311 831 372 892; x_wconf 89' lang='lat' dir='ltr'>sed</span> <span class='ocrx_word' id='word_1_11' title='bbox 395 838 468 892; x_wconf 90' lang='lat' dir='ltr'>tum</span> <span class='ocrx_word' id='word_1_12' title='bbox 491 830 525 890; x_wconf 92' lang='lat' dir='ltr'>in</span> <span class='ocrx_word' id='word_1_13' title='bbox 549 828 764 891; x_wconf 84' lang='lat' dir='ltr'><strong>Thessaliam</strong></span> <span class='ocrx_word' id='word_1_14' title='bbox 789 848 864 890; x_wconf 89' lang='lat' dir='ltr'>esse</span> <span class='ocrx_word' id='word_1_15' title='bbox 888 837 1147 910; x_wconf 87' lang='lat' dir='ltr'>transgressum.</span> 
     </span>
    </p>

    <p class='ocr_par' dir='ltr' id='par_1_2' title="bbox 157 942 1299 1240">
     <span class='ocr_line' id='line_1_3' title="bbox 202 942 1299 1026; baseline -0.001 -17"><span class='ocrx_word' id='word_1_16' title='bbox 202 947 302 1010; x_wconf 74' lang='lat' dir='ltr'>Prur.</span> <span class='ocrx_word' id='word_1_17' title='bbox 339 967 378 1023; x_wconf 82' lang='lat'>23</span> <span class='ocrx_word' id='word_1_18' title='bbox 415 945 533 1008; x_wconf 86' lang='lat' dir='ltr'><strong>tradit:</strong></span> <span class='ocrx_word' id='word_1_19' title='bbox 568 944 621 1006; x_wconf 92' lang='lat' dir='ltr'>his</span> <span class='ocrx_word' id='word_1_20' title='bbox 650 945 698 1007; x_wconf 91' lang='lat' dir='ltr'>ita</span> <span class='ocrx_word' id='word_1_21' title='bbox 720 943 910 1007; x_wconf 89' lang='lat' dir='ltr'>constitutis</span> <span class='ocrx_word' id='word_1_22' title='bbox 934 942 1032 1007; x_wconf 89' lang='lat' dir='ltr'>Sulla</span> <span class='ocrx_word' id='word_1_23' title='bbox 1065 965 1128 1026; x_wconf 91' lang='lat' dir='ltr'>per</span> <span class='ocrx_word' id='word_1_24' title='bbox 1154 945 1299 1008; x_wconf 87' lang='lat' dir='ltr'>Thessa·</span> 
     </span>
     <span class='ocr_line' id='line_1_4' title="bbox 157 1059 1298 1141; baseline -0.001 -16"><span class='ocrx_word' id='word_1_25' title='bbox 157 1063 239 1125; x_wconf 93' lang='lat' dir='ltr'>liam</span> <span class='ocrx_word' id='word_1_26' title='bbox 271 1072 306 1125; x_wconf 92' lang='lat' dir='ltr'>et</span> <span class='ocrx_word' id='word_1_27' title='bbox 327 1061 567 1124; x_wconf 91' lang='lat' dir='ltr'>Macedoniam</span> <span class='ocrx_word' id='word_1_28' title='bbox 595 1061 640 1121; x_wconf 93' lang='lat' dir='ltr'>ad</span> <span class='ocrx_word' id='word_1_29' title='bbox 662 1059 927 1141; x_wconf 86' lang='lat' dir='ltr'>Hellespontum</span> <span class='ocrx_word' id='word_1_30' title='bbox 951 1061 1103 1140; x_wconf 83' lang='lat' dir='ltr'>perrexit</span> <span class='ocrx_word' id='word_1_31' title='bbox 1126 1081 1195 1123; x_wconf 85' lang='lat' dir='ltr'>una</span> <span class='ocrx_word' id='word_1_32' title='bbox 1222 1082 1298 1124; x_wconf 93' lang='lat' dir='ltr'>cum</span> 
     </span>
     <span class='ocr_line' id='line_1_5' title="bbox 158 1177 344 1240; baseline 0 -1"><span class='ocrx_word' id='word_1_33' title='bbox 158 1177 344 1240; x_wconf 78' lang='lat' dir='ltr'>Archelao</span> 
     </span>
    </p>

    <p class='ocr_par' dir='ltr' id='par_1_3' title="bbox 158 1289 1299 1605">
     <span class='ocr_line' id='line_1_6' title="bbox 204 1289 1299 1374; baseline -0.002 -18"><span class='ocrx_word' id='word_1_34' title='bbox 204 1294 286 1356; x_wconf 68' lang='lat' dir='ltr'>App.</span> <span class='ocrx_word' id='word_1_35' title='bbox 311 1312 370 1372; x_wconf 82' lang='lat'>55:</span> <span class='ocrx_word' id='word_1_36' title='bbox 394 1292 516 1374; x_wconf 90' lang='lat' dir='ltr'>quibus</span> <span class='ocrx_word' id='word_1_37' title='bbox 539 1290 661 1353; x_wconf 89' lang='lat' dir='ltr'>auditis</span> <span class='ocrx_word' id='word_1_38' title='bbox 677 1289 871 1352; x_wconf 85' lang='lat' dir='ltr'>Archelaus</span> <span class='ocrx_word' id='word_1_39' title='bbox 886 1291 1057 1372; x_wconf 90' lang='lat' dir='ltr'>praesidia</span> <span class='ocrx_word' id='word_1_40' title='bbox 1068 1292 1183 1354; x_wconf 90' lang='lat' dir='ltr'>statim</span> <span class='ocrx_word' id='word_1_41' title='bbox 1194 1293 1299 1355; x_wconf 90' lang='lat' dir='ltr'>omni-</span> 
     </span>
     <span class='ocr_line' id='line_1_7' title="bbox 158 1405 1299 1489; baseline -0.002 -18"><span class='ocrx_word' id='word_1_42' title='bbox 158 1411 223 1471; x_wconf 92' lang='lat' dir='ltr'>bus</span> <span class='ocrx_word' id='word_1_43' title='bbox 245 1408 331 1471; x_wconf 91' lang='lat' dir='ltr'>locis</span> <span class='ocrx_word' id='word_1_44' title='bbox 354 1407 497 1470; x_wconf 86' lang='lat' dir='ltr'>deduxit</span> <span class='ocrx_word' id='word_1_45' title='bbox 526 1426 566 1468; x_wconf 89' lang='lat' dir='ltr'>ac</span> <span class='ocrx_word' id='word_1_46' title='bbox 597 1406 641 1468; x_wconf 89' lang='lat' dir='ltr'>de</span> <span class='ocrx_word' id='word_1_47' title='bbox 671 1405 815 1468; x_wconf 86' lang='lat' dir='ltr'>caeteris</span> <span class='ocrx_word' id='word_1_48' title='bbox 839 1405 1090 1468; x_wconf 89' lang='lat' dir='ltr'>conditionibus</span> <span class='ocrx_word' id='word_1_49' title='bbox 1113 1406 1157 1468; x_wconf 92' lang='lat' dir='ltr'>ad</span> <span class='ocrx_word' id='word_1_50' title='bbox 1179 1427 1299 1489; x_wconf 87' lang='lat' dir='ltr'>regem</span> 
     </span>
     <span class='ocr_line' id='line_1_8' title="bbox 159 1523 487 1605; baseline -0.006 -19"><span class='ocrx_word' id='word_1_51' title='bbox 159 1545 258 1587; x_wconf 91' lang='lat' dir='ltr'>suum</span> <span class='ocrx_word' id='word_1_52' title='bbox 280 1523 487 1605; x_wconf 88' lang='lat' dir='ltr'>perscripsit.</span> 
     </span>
    </p>

    <p class='ocr_par' dir='ltr' id='par_1_4' title="bbox 159 1637 1301 2546">
     <span class='ocr_line' id='line_1_9' title="bbox 204 1637 1299 1722; baseline -0.002 -19"><span class='ocrx_word' id='word_1_53' title='bbox 204 1641 448 1722; x_wconf 88' lang='lat' dir='ltr'>Praeterquam</span> <span class='ocrx_word' id='word_1_54' title='bbox 483 1639 575 1720; x_wconf 93' lang='lat' dir='ltr'>quod</span> <span class='ocrx_word' id='word_1_55' title='bbox 598 1637 753 1700; x_wconf 89' lang='lat' dir='ltr'>similiter</span> <span class='ocrx_word' id='word_1_56' title='bbox 786 1656 989 1719; x_wconf 89' lang='lat' dir='ltr'>responsum</span> <span class='ocrx_word' id='word_1_57' title='bbox 1011 1637 1245 1713; x_wconf 89' lang='lat' dir='ltr'>Mithradatis‚</span> <span class='ocrx_word' id='word_1_58' title='bbox 1278 1660 1299 1701; x_wconf 91' lang='lat' dir='ltr'>a</span> 
     </span>
     <span class='ocr_line' id='line_1_10' title="bbox 159 1741 1298 1842; baseline -0.003 -24"><span class='ocrx_word' id='word_1_59' title='bbox 159 1757 284 1841; x_wconf 88' lang='lat' dir='ltr'>legatis</span> <span class='ocrx_word' id='word_1_60' title='bbox 318 1757 489 1829; x_wconf 89' lang='lat' dir='ltr'>adlatum,</span> <span class='ocrx_word' id='word_1_61' title='bbox 512 1755 555 1817; x_wconf 93' lang='lat' dir='ltr'>de</span> <span class='ocrx_word' id='word_1_62' title='bbox 578 1753 819 1836; x_wconf 83' lang='lat' dir='ltr'>Paphlagonia</span> <span class='ocrx_word' id='word_1_63' title='bbox 852 1753 1003 1817; x_wconf 88' lang='lat' dir='ltr'>referunt</span> <span class='ocrx_word' id='word_1_64' title='bbox 1026 1741 1298 1842; x_wconf 69' lang='grc' dir='ltr'>(,,Παφλαγονίαν</span> 
     </span>
     <span class='ocr_line' id='line_1_11' title="bbox 160 1864 1299 1965; baseline -0.005 -24"><span class='ocrx_word' id='word_1_65' title='bbox 160 1871 197 1941; x_wconf 78' lang='grc' dir='ltr'>δὲ</span> <span class='ocrx_word' id='word_1_66' title='bbox 215 1867 390 1950; x_wconf 73' lang='grc' dir='ltr'>ἀξιούντων</span> <span class='ocrx_word' id='word_1_67' title='bbox 411 1870 459 1965; x_wconf 80' lang='grc' dir='ltr'>μὴ</span> <span class='ocrx_word' id='word_1_68' title='bbox 479 1865 725 1964; x_wconf 72' lang='grc' dir='ltr'>ἀφαιρεθῆναι”</span> <span class='ocrx_word' id='word_1_69' title='bbox 739 1873 829 1936; x_wconf 92' lang='lat' dir='ltr'>Plut.</span> <span class='ocrx_word' id='word_1_70' title='bbox 855 1909 896 1917; x_wconf 89' lang='lat'>—</span> <span class='ocrx_word' id='word_1_71' title='bbox 923 1866 1053 1964; x_wconf 80' lang='grc' dir='ltr'><strong>,,μόνην</strong></span> <span class='ocrx_word' id='word_1_72' title='bbox 1072 1867 1099 1936; x_wconf 81' lang='grc' dir='ltr'>δ’</span> <span class='ocrx_word' id='word_1_73' title='bbox 1113 1864 1299 1965; x_wconf 72' lang='grc' dir='ltr'>ἐξαιρούμε-</span> 
     </span>
     <span class='ocr_line' id='line_1_12' title="bbox 160 1986 1300 2086; baseline -0.001 -27"><span class='ocrx_word' id='word_1_74' title='bbox 160 2016 209 2060; x_wconf 85' lang='grc' dir='ltr'>νοι</span> <span class='ocrx_word' id='word_1_75' title='bbox 236 1986 494 2086; x_wconf 76' lang='grc' dir='ltr'>Παφλαγονίαν”</span> <span class='ocrx_word' id='word_1_76' title='bbox 517 1997 620 2079; x_wconf 88' lang='lat' dir='ltr'>App.)</span> <span class='ocrx_word' id='word_1_77' title='bbox 643 1997 723 2060; x_wconf 81' lang='lat' dir='ltr'>ordo</span> <span class='ocrx_word' id='word_1_78' title='bbox 739 2016 857 2059; x_wconf 78' lang='lat' dir='ltr'>rerum</span> <span class='ocrx_word' id='word_1_79' title='bbox 872 1998 965 2078; x_wconf 90' lang='lat' dir='ltr'>apud</span> <span class='ocrx_word' id='word_1_80' title='bbox 980 2007 1159 2080; x_wconf 84' lang='lat' dir='ltr'>utrumque</span> <span class='ocrx_word' id='word_1_81' title='bbox 1174 2018 1300 2079; x_wconf 91' lang='lat' dir='ltr'>nequa-</span> 
     </span>
     <span class='ocr_line' id='line_1_13' title="bbox 159 2109 1299 2193; baseline -0.001 -20"><span class='ocrx_word' id='word_1_82' title='bbox 159 2131 263 2193; x_wconf 89' lang='lat' dir='ltr'>quam</span> <span class='ocrx_word' id='word_1_83' title='bbox 282 2111 374 2173; x_wconf 89' lang='lat' dir='ltr'>idem</span> <span class='ocrx_word' id='word_1_84' title='bbox 396 2120 464 2189; x_wconf 81' lang='lat' dir='ltr'>est,</span> <span class='ocrx_word' id='word_1_85' title='bbox 489 2120 526 2174; x_wconf 91' lang='lat' dir='ltr'>ut</span> <span class='ocrx_word' id='word_1_86' title='bbox 541 2111 660 2173; x_wconf 87' lang='lat' dir='ltr'>sileam</span> <span class='ocrx_word' id='word_1_87' title='bbox 677 2111 721 2173; x_wconf 89' lang='lat' dir='ltr'>de</span> <span class='ocrx_word' id='word_1_88' title='bbox 745 2111 810 2185; x_wconf 87' lang='lat' dir='ltr'>eis,</span> <span class='ocrx_word' id='word_1_89' title='bbox 823 2131 911 2192; x_wconf 88' lang='lat' dir='ltr'>quae</span> <span class='ocrx_word' id='word_1_90' title='bbox 924 2109 1015 2192; x_wconf 92' lang='lat' dir='ltr'>App.</span> <span class='ocrx_word' id='word_1_91' title='bbox 1028 2111 1071 2173; x_wconf 88' lang='lat' dir='ltr'>de</span> <span class='ocrx_word' id='word_1_92' title='bbox 1083 2111 1299 2192; x_wconf 87' lang='lat' dir='ltr'>aequioribus</span> 
     </span>
     <span class='ocr_line' id='line_1_14' title="bbox 160 2226 1299 2309; baseline -0.003 -18"><span class='ocrx_word' id='word_1_93' title='bbox 160 2227 411 2292; x_wconf 90' lang='lat' dir='ltr'>conditionibus</span> <span class='ocrx_word' id='word_1_94' title='bbox 445 2226 617 2290; x_wconf 88' lang='lat' dir='ltr'>Fimbriae</span> <span class='ocrx_word' id='word_1_95' title='bbox 651 2236 779 2301; x_wconf 88' lang='lat' dir='ltr'>narrat,</span> <span class='ocrx_word' id='word_1_96' title='bbox 811 2247 895 2309; x_wconf 88' lang='lat' dir='ltr'>quas</span> <span class='ocrx_word' id='word_1_97' title='bbox 921 2227 1127 2290; x_wconf 86' lang='lat' dir='ltr'>Plutarchus</span> <span class='ocrx_word' id='word_1_98' title='bbox 1149 2236 1299 2308; x_wconf 90' lang='lat' dir='ltr'>praeter·</span> 
     </span>
     <span class='ocr_line' id='line_1_15' title="bbox 161 2344 1301 2426; baseline -0.002 -18"><span class='ocrx_word' id='word_1_99' title='bbox 161 2346 279 2419; x_wconf 85' lang='lat' dir='ltr'>mittit,</span> <span class='ocrx_word' id='word_1_100' title='bbox 309 2345 458 2426; x_wconf 88' lang='lat' dir='ltr'>itemque</span> <span class='ocrx_word' id='word_1_101' title='bbox 494 2346 538 2408; x_wconf 89' lang='lat' dir='ltr'>de</span> <span class='ocrx_word' id='word_1_102' title='bbox 562 2345 628 2419; x_wconf 84' lang='lat' dir='ltr'>eis,</span> <span class='ocrx_word' id='word_1_103' title='bbox 652 2364 740 2426; x_wconf 86' lang='lat' dir='ltr'>quae</span> <span class='ocrx_word' id='word_1_104' title='bbox 762 2344 968 2407; x_wconf 88' lang='lat' dir='ltr'>Plutarchus</span> <span class='ocrx_word' id='word_1_105' title='bbox 991 2344 1117 2426; x_wconf 87' lang='lat' dir='ltr'>legatis</span> <span class='ocrx_word' id='word_1_106' title='bbox 1139 2344 1301 2406; x_wconf 90' lang='lat' dir='ltr'>mandata</span> 
     </span>
     <span class='ocr_line' id='line_1_16' title="bbox 160 2451 1299 2546; baseline -0.001 -25"><span class='ocrx_word' id='word_1_107' title='bbox 160 2459 265 2521; x_wconf 82' lang='lat' dir='ltr'>fuisse</span> <span class='ocrx_word' id='word_1_108' title='bbox 288 2459 332 2520; x_wconf 91' lang='lat' dir='ltr'>de</span> <span class='ocrx_word' id='word_1_109' title='bbox 355 2459 500 2521; x_wconf 89' lang='lat' dir='ltr'>nauibus</span> <span class='ocrx_word' id='word_1_110' title='bbox 523 2458 606 2520; x_wconf 90' lang='lat' dir='ltr'>dicit</span> <span class='ocrx_word' id='word_1_111' title='bbox 630 2451 729 2546; x_wconf 70' lang='grc' dir='ltr'>(,,τὰς</span> <span class='ocrx_word' id='word_1_112' title='bbox 760 2451 796 2521; x_wconf 84' lang='grc' dir='ltr'>δὲ</span> <span class='ocrx_word' id='word_1_113' title='bbox 823 2457 901 2529; x_wconf 84' lang='grc' dir='ltr'>ναῦς</span> <span class='ocrx_word' id='word_1_114' title='bbox 928 2451 1005 2522; x_wconf 76' lang='grc' dir='ltr'>οῦδὲ</span> <span class='ocrx_word' id='word_1_115' title='bbox 1031 2451 1117 2530; x_wconf 81' lang='grc' dir='ltr'>ὅλως</span> <span class='ocrx_word' id='word_1_116' title='bbox 1135 2452 1299 2546; x_wconf 79' lang='grc' dir='ltr'>ὁμολογη-</span> 
     </span>
    </p>
   </div>
   <div class='ocr_carea' id='block_1_2' title="bbox 160 2570 1233 2670">
    <p class='ocr_par' dir='ltr' id='par_1_5' title="bbox 160 2570 1233 2670">
     <span class='ocr_line' id='line_1_17' title="bbox 160 2570 1233 2670; baseline 0 -28"><span class='ocrx_word' id='word_1_117' title='bbox 160 2570 316 2670; x_wconf 50' lang='grc' dir='ltr'>θῆναῧ),</span> <span class='ocrx_word' id='word_1_118' title='bbox 339 2599 441 2660; x_wconf 92' lang='lat' dir='ltr'>quam</span> <span class='ocrx_word' id='word_1_119' title='bbox 464 2578 694 2641; x_wconf 90' lang='lat' dir='ltr'>conditionem</span> <span class='ocrx_word' id='word_1_120' title='bbox 716 2579 865 2641; x_wconf 84' lang='lat' dir='ltr'>uicissim</span> <span class='ocrx_word' id='word_1_121' title='bbox 888 2578 1069 2661; x_wconf 90' lang='lat' dir='ltr'>Appianus</span> <span class='ocrx_word' id='word_1_122' title='bbox 1087 2579 1233 2662; x_wconf 87' lang='lat' dir='ltr'>ignorat.</span> 
     </span>
    </p>
   </div>
   <div class='ocr_carea' id='block_1_3' title="bbox 160 2691 1303 4049">
    <p class='ocr_par' dir='ltr' id='par_1_6' title="bbox 160 2691 1303 4049">
     <span class='ocr_line' id='line_1_18' title="bbox 207 2691 1301 2774; baseline -0.001 -18"><span class='ocrx_word' id='word_1_123' title='bbox 207 2692 301 2756; x_wconf 94' lang='lat' dir='ltr'>Ordo</span> <span class='ocrx_word' id='word_1_124' title='bbox 335 2713 449 2755; x_wconf 88' lang='lat' dir='ltr'>rerum</span> <span class='ocrx_word' id='word_1_125' title='bbox 483 2693 570 2755; x_wconf 89' lang='lat' dir='ltr'>alius</span> <span class='ocrx_word' id='word_1_126' title='bbox 604 2703 672 2766; x_wconf 88' lang='lat' dir='ltr'>est,</span> <span class='ocrx_word' id='word_1_127' title='bbox 707 2712 786 2754; x_wconf 91' lang='lat' dir='ltr'>nam</span> <span class='ocrx_word' id='word_1_128' title='bbox 822 2694 913 2774; x_wconf 85' lang='lat' dir='ltr'>apud</span> <span class='ocrx_word' id='word_1_129' title='bbox 947 2693 1173 2756; x_wconf 76' lang='lat' dir='ltr'>Prurnncuuu</span> <span class='ocrx_word' id='word_1_130' title='bbox 1204 2691 1301 2757; x_wconf 89' lang='lat' dir='ltr'>Sulla</span> 
     </span>
     <span class='ocr_line' id='line_1_19' title="bbox 160 2808 1302 2890; baseline 0.001 -19"><span class='ocrx_word' id='word_1_131' title='bbox 160 2809 307 2890; x_wconf 88' lang='lat' dir='ltr'>primum</span> <span class='ocrx_word' id='word_1_132' title='bbox 338 2829 415 2871; x_wconf 93' lang='lat' dir='ltr'>cum</span> <span class='ocrx_word' id='word_1_133' title='bbox 438 2808 613 2871; x_wconf 87' lang='lat' dir='ltr'>Archelao</span> <span class='ocrx_word' id='word_1_134' title='bbox 636 2809 681 2870; x_wconf 92' lang='lat' dir='ltr'>ad</span> <span class='ocrx_word' id='word_1_135' title='bbox 703 2808 968 2890; x_wconf 90' lang='lat' dir='ltr'>Hellespontum</span> <span class='ocrx_word' id='word_1_136' title='bbox 990 2809 1158 2890; x_wconf 83' lang='lat' dir='ltr'>perrexit,</span> <span class='ocrx_word' id='word_1_137' title='bbox 1181 2810 1302 2872; x_wconf 89' lang='lat' dir='ltr'>itinere</span> 
     </span>
     <span class='ocr_line' id='line_1_20' title="bbox 161 2923 1301 3006; baseline 0 -19"><span class='ocrx_word' id='word_1_138' title='bbox 161 2945 245 2988; x_wconf 91' lang='lat' dir='ltr'>uero</span> <span class='ocrx_word' id='word_1_139' title='bbox 267 2925 456 3006; x_wconf 92' lang='lat' dir='ltr'>interrupto</span> <span class='ocrx_word' id='word_1_140' title='bbox 479 2923 619 2986; x_wconf 89' lang='lat' dir='ltr'>Larisae</span> <span class='ocrx_word' id='word_1_141' title='bbox 642 2925 766 2986; x_wconf 89' lang='lat' dir='ltr'>mansit</span> <span class='ocrx_word' id='word_1_142' title='bbox 780 2934 921 3006; x_wconf 88' lang='lat' dir='ltr'>propter</span> <span class='ocrx_word' id='word_1_143' title='bbox 936 2925 1161 3000; x_wconf 89' lang='lat' dir='ltr'>Archelaum,</span> <span class='ocrx_word' id='word_1_144' title='bbox 1180 2928 1301 2987; x_wconf 93' lang='lat' dir='ltr'>morbo</span> 
     </span>
     <span class='ocr_line' id='line_1_21' title="bbox 162 3041 1301 3124; baseline 0 -20"><span class='ocrx_word' id='word_1_145' title='bbox 162 3042 356 3124; x_wconf 90' lang='lat' dir='ltr'>periculoso</span> <span class='ocrx_word' id='word_1_146' title='bbox 380 3051 590 3122; x_wconf 88' lang='lat' dir='ltr'>conreptum.</span> <span class='ocrx_word' id='word_1_147' title='bbox 621 3041 674 3103; x_wconf 91' lang='lat' dir='ltr'>Ibi</span> <span class='ocrx_word' id='word_1_148' title='bbox 697 3041 806 3124; x_wconf 88' lang='lat' dir='ltr'>legati</span> <span class='ocrx_word' id='word_1_149' title='bbox 822 3062 843 3104; x_wconf 92' lang='lat' dir='ltr'>a</span> <span class='ocrx_word' id='word_1_150' title='bbox 858 3041 1067 3105; x_wconf 89' lang='lat' dir='ltr'>Mithradate</span> <span class='ocrx_word' id='word_1_151' title='bbox 1083 3043 1301 3124; x_wconf 89' lang='lat' dir='ltr'>perueniunt,</span> 
     </span>
     <span class='ocr_line' id='line_1_22' title="bbox 162 3155 1301 3244; baseline -0.002 -24"><span class='ocrx_word' id='word_1_152' title='bbox 162 3157 221 3238; x_wconf 92' lang='lat' dir='ltr'>qui</span> <span class='ocrx_word' id='word_1_153' title='bbox 235 3157 397 3219; x_wconf 87' lang='lat' dir='ltr'>mandata</span> <span class='ocrx_word' id='word_1_154' title='bbox 418 3155 585 3230; x_wconf 84' lang='lat' dir='ltr'>referunt,</span> <span class='ocrx_word' id='word_1_155' title='bbox 609 3157 670 3219; x_wconf 89' lang='lat' dir='ltr'>sed</span> <span class='ocrx_word' id='word_1_156' title='bbox 693 3157 801 3220; x_wconf 90' lang='lat' dir='ltr'>territi</span> <span class='ocrx_word' id='word_1_157' title='bbox 819 3155 938 3244; x_wconf 76' lang='lat' dir='ltr'>Sullae</span> <span class='ocrx_word' id='word_1_158' title='bbox 961 3177 1125 3238; x_wconf 89' lang='lat' dir='ltr'>responso</span> <span class='ocrx_word' id='word_1_159' title='bbox 1149 3157 1301 3219; x_wconf 89' lang='lat' dir='ltr'>obticue-</span> 
     </span>
     <span class='ocr_line' id='line_1_23' title="bbox 162 3272 1301 3355; baseline -0.002 -19"><span class='ocrx_word' id='word_1_160' title='bbox 162 3282 248 3336; x_wconf 80' lang='lat' dir='ltr'>rrmt.</span> <span class='ocrx_word' id='word_1_161' title='bbox 287 3274 377 3336; x_wconf 88' lang='lat' dir='ltr'>Tum</span> <span class='ocrx_word' id='word_1_162' title='bbox 399 3273 593 3336; x_wconf 89' lang='lat' dir='ltr'>Archelaus</span> <span class='ocrx_word' id='word_1_163' title='bbox 616 3293 753 3336; x_wconf 89' lang='lat' dir='ltr'>manum</span> <span class='ocrx_word' id='word_1_164' title='bbox 775 3272 894 3337; x_wconf 89' lang='lat' dir='ltr'>Sullae</span> <span class='ocrx_word' id='word_1_165' title='bbox 909 3293 1073 3355; x_wconf 87' lang='lat' dir='ltr'>prensans</span> <span class='ocrx_word' id='word_1_166' title='bbox 1090 3283 1192 3354; x_wconf 90' lang='lat' dir='ltr'>atque</span> <span class='ocrx_word' id='word_1_167' title='bbox 1203 3273 1301 3335; x_wconf 92' lang='lat' dir='ltr'>lacri-</span> 
     </span>
     <span class='ocr_line' id='line_1_24' title="bbox 164 3387 1301 3471; baseline 0 -21"><span class='ocrx_word' id='word_1_168' title='bbox 164 3409 261 3452; x_wconf 91' lang='lat' dir='ltr'>mans</span> <span class='ocrx_word' id='word_1_169' title='bbox 295 3389 380 3452; x_wconf 91' lang='lat' dir='ltr'>iram</span> <span class='ocrx_word' id='word_1_170' title='bbox 414 3388 550 3463; x_wconf 88' lang='lat' dir='ltr'>leniuit,</span> <span class='ocrx_word' id='word_1_171' title='bbox 581 3389 787 3471; x_wconf 85' lang='lat' dir='ltr'>tandemque</span> <span class='ocrx_word' id='word_1_172' title='bbox 816 3399 854 3452; x_wconf 92' lang='lat' dir='ltr'>ut</span> <span class='ocrx_word' id='word_1_173' title='bbox 884 3389 928 3451; x_wconf 87' lang='lat' dir='ltr'>ad</span> <span class='ocrx_word' id='word_1_174' title='bbox 957 3387 1200 3453; x_wconf 88' lang='lat' dir='ltr'>Mithradatem</span> <span class='ocrx_word' id='word_1_175' title='bbox 1228 3389 1301 3470; x_wconf 93' lang='lat' dir='ltr'>ipse</span> 
     </span>
     <span class='ocr_line' id='line_1_25' title="bbox 164 3501 1303 3586; baseline -0.001 -19"><span class='ocrx_word' id='word_1_176' title='bbox 164 3505 355 3568; x_wconf 89' lang='lat' dir='ltr'>mitteretur</span> <span class='ocrx_word' id='word_1_177' title='bbox 387 3504 564 3585; x_wconf 89' lang='lat' dir='ltr'>persuasit.</span> <span class='ocrx_word' id='word_1_178' title='bbox 618 3503 695 3586; x_wconf 83' lang='lat' dir='ltr'>Quo</span> <span class='ocrx_word' id='word_1_179' title='bbox 730 3505 833 3568; x_wconf 90' lang='lat' dir='ltr'>misso</span> <span class='ocrx_word' id='word_1_180' title='bbox 867 3502 965 3569; x_wconf 90' lang='lat' dir='ltr'>Sulla</span> <span class='ocrx_word' id='word_1_181' title='bbox 999 3506 1033 3567; x_wconf 93' lang='lat' dir='ltr'>in</span> <span class='ocrx_word' id='word_1_182' title='bbox 1066 3504 1260 3568; x_wconf 88' lang='lat' dir='ltr'>Maedicam</span> <span class='ocrx_word' id='word_1_183' title='bbox 1282 3501 1303 3585; x_wconf 88' lang='grc'>1)</span> 
     </span>
     <span class='ocr_line' id='line_1_26' title="bbox 164 3619 1303 3704; baseline -0.001 -20"><span class='ocrx_word' id='word_1_184' title='bbox 164 3622 290 3702; x_wconf 92' lang='lat' dir='ltr'>inrupit</span> <span class='ocrx_word' id='word_1_185' title='bbox 312 3621 562 3704; x_wconf 89' lang='lat' dir='ltr'>populatusque</span> <span class='ocrx_word' id='word_1_186' title='bbox 586 3622 763 3703; x_wconf 86' lang='lat' dir='ltr'>regionem</span> <span class='ocrx_word' id='word_1_187' title='bbox 782 3621 879 3684; x_wconf 87' lang='lat' dir='ltr'>illam</span> <span class='ocrx_word' id='word_1_188' title='bbox 894 3622 928 3684; x_wconf 94' lang='lat' dir='ltr'>in</span> <span class='ocrx_word' id='word_1_189' title='bbox 944 3619 1183 3684; x_wconf 87' lang='lat' dir='ltr'>Macedoniam</span> <span class='ocrx_word' id='word_1_190' title='bbox 1194 3621 1303 3683; x_wconf 82' lang='lat' dir='ltr'>rediit</span> 
     </span>
     <span class='ocr_line' id='line_1_27' title="bbox 165 3736 1302 3819; baseline 0 -20"><span class='ocrx_word' id='word_1_191' title='bbox 165 3736 272 3819; x_wconf 93' lang='lat' dir='ltr'>Apud</span> <span class='ocrx_word' id='word_1_192' title='bbox 294 3737 474 3819; x_wconf 91' lang='lat' dir='ltr'>Philippos</span> <span class='ocrx_word' id='word_1_193' title='bbox 497 3736 691 3799; x_wconf 89' lang='lat' dir='ltr'>Archelaus</span> <span class='ocrx_word' id='word_1_194' title='bbox 715 3756 792 3800; x_wconf 89' lang='lat' dir='ltr'>eum</span> <span class='ocrx_word' id='word_1_195' title='bbox 816 3737 975 3800; x_wconf 90' lang='lat' dir='ltr'>conuenit</span> <span class='ocrx_word' id='word_1_196' title='bbox 989 3738 1160 3811; x_wconf 90' lang='lat' dir='ltr'>nuntians,</span> <span class='ocrx_word' id='word_1_197' title='bbox 1178 3756 1302 3817; x_wconf 88' lang='lat' dir='ltr'>cupere</span> 
     </span>
     <span class='ocr_line' id='line_1_28' title="bbox 165 3852 1302 3934; baseline -0.002 -18"><span class='ocrx_word' id='word_1_198' title='bbox 165 3854 302 3916; x_wconf 90' lang='lat' dir='ltr'>omnino</span> <span class='ocrx_word' id='word_1_199' title='bbox 325 3853 568 3917; x_wconf 85' lang='lat' dir='ltr'>Mithradatem</span> <span class='ocrx_word' id='word_1_200' title='bbox 591 3871 669 3915; x_wconf 92' lang='lat' dir='ltr'>cum</span> <span class='ocrx_word' id='word_1_201' title='bbox 691 3853 766 3934; x_wconf 89' lang='lat' dir='ltr'>ipso</span> <span class='ocrx_word' id='word_1_202' title='bbox 790 3854 959 3934; x_wconf 89' lang='lat' dir='ltr'>conloqui.</span> <span class='ocrx_word' id='word_1_203' title='bbox 999 3853 1108 3917; x_wconf 90' lang='lat' dir='ltr'>Addit</span> <span class='ocrx_word' id='word_1_204' title='bbox 1131 3853 1244 3927; x_wconf 75' lang='lat' dir='ltr'>Pron,</span> <span class='ocrx_word' id='word_1_205' title='bbox 1267 3852 1302 3914; x_wconf 92' lang='lat' dir='ltr'>in</span> 
     </span>
     <span class='ocr_line' id='line_1_29' title="bbox 166 3966 1303 4049; baseline -0.002 -18"><span class='ocrx_word' id='word_1_206' title='bbox 166 3990 269 4032; x_wconf 89' lang='lat' dir='ltr'>causa</span> <span class='ocrx_word' id='word_1_207' title='bbox 302 3968 406 4033; x_wconf 85' lang='lat' dir='ltr'>fuisse</span> <span class='ocrx_word' id='word_1_208' title='bbox 440 3969 641 4042; x_wconf 88' lang='lat' dir='ltr'>Fimbriam,</span> <span class='ocrx_word' id='word_1_209' title='bbox 676 3988 776 4049; x_wconf 90' lang='lat' dir='ltr'>quem</span> <span class='ocrx_word' id='word_1_210' title='bbox 811 3989 874 4030; x_wconf 85' lang='lat' dir='ltr'>rex</span> <span class='ocrx_word' id='word_1_211' title='bbox 908 3979 1063 4033; x_wconf 90' lang='lat' dir='ltr'>metuens</span> <span class='ocrx_word' id='word_1_212' title='bbox 1098 3989 1174 4031; x_wconf 89' lang='lat' dir='ltr'>cum</span> <span class='ocrx_word' id='word_1_213' title='bbox 1206 3966 1303 4032; x_wconf 89' lang='lat' dir='ltr'>Sulla</span> 
     </span>
    </p>
   </div>
   <div class='ocr_carea' id='block_1_4' title="bbox 299 4178 377 4186">
    <p class='ocr_par' dir='ltr' id='par_1_7' title="bbox 299 4178 377 4186">
     <span class='ocr_line' id='line_1_30' title="bbox 299 4178 377 4186; baseline 0 0"><span class='ocrx_word' id='word_1_214' title='bbox 299 4178 377 4186; x_wconf 53' lang='grc' dir='ltr'><strong>,ιιι-...-</strong></span> 
     </span>
    </p>
   </div>
   <div class='ocr_carea' id='block_1_5' title="bbox 167 4333 1302 4594">
    <p class='ocr_par' dir='ltr' id='par_1_8' title="bbox 167 4333 1302 4594">
     <span class='ocr_line' id='line_1_31' title="bbox 212 4333 1301 4417; baseline -0.003 -21"><span class='ocrx_word' id='word_1_215' title='bbox 212 4336 235 4417; x_wconf 80' lang='grc'>1)</span> <span class='ocrx_word' id='word_1_216' title='bbox 253 4339 330 4396; x_wconf 90' lang='lat' dir='ltr'>Item</span> <span class='ocrx_word' id='word_1_217' title='bbox 360 4335 449 4414; x_wconf 88' lang='lat' dir='ltr'>igitur</span> <span class='ocrx_word' id='word_1_218' title='bbox 481 4345 571 4412; x_wconf 88' lang='lat' dir='ltr'>atque</span> <span class='ocrx_word' id='word_1_219' title='bbox 599 4336 737 4397; x_wconf 76' lang='lat' dir='ltr'>EurRoP.</span> <span class='ocrx_word' id='word_1_220' title='bbox 770 4336 807 4393; x_wconf 87' lang='lat' dir='ltr'>V.</span> <span class='ocrx_word' id='word_1_221' title='bbox 843 4353 876 4408; x_wconf 81' lang='lat'>7,</span> <span class='ocrx_word' id='word_1_222' title='bbox 908 4333 959 4412; x_wconf 88' lang='lat' dir='ltr'>qui</span> <span class='ocrx_word' id='word_1_223' title='bbox 979 4335 1085 4396; x_wconf 86' lang='lat' dir='ltr'>habet:</span> <span class='ocrx_word' id='word_1_224' title='bbox 1109 4335 1301 4409; x_wconf 64' lang='lat' dir='ltr'>„Dardanos</span> 
     </span>
     <span class='ocr_line' id='line_1_32' title="bbox 167 4434 1302 4508; baseline -0.003 -15"><span class='ocrx_word' id='word_1_225' title='bbox 167 4435 354 4508; x_wconf 81' lang='lat' dir='ltr'>ScordiscoS‚</span> <span class='ocrx_word' id='word_1_226' title='bbox 377 4435 532 4494; x_wconf 83' lang='lat' dir='ltr'>Dalmatas</span> <span class='ocrx_word' id='word_1_227' title='bbox 553 4442 582 4493; x_wconf 92' lang='lat' dir='ltr'>et</span> <span class='ocrx_word' id='word_1_228' title='bbox 596 4435 740 4492; x_wconf 82' lang='lat' dir='ltr'>Maedos&#39;&#39;</span> <span class='ocrx_word' id='word_1_229' title='bbox 754 4442 784 4492; x_wconf 95' lang='lat' dir='ltr'>et</span> <span class='ocrx_word' id='word_1_230' title='bbox 806 4436 907 4492; x_wconf 77' lang='lat' dir='ltr'>Aucr.</span> <span class='ocrx_word' id='word_1_231' title='bbox 929 4436 964 4492; x_wconf 84' lang='lat' dir='ltr'>de</span> <span class='ocrx_word' id='word_1_232' title='bbox 985 4437 1044 4492; x_wconf 85' lang='lat' dir='ltr'>uir.</span> <span class='ocrx_word' id='word_1_233' title='bbox 1066 4435 1109 4491; x_wconf 89' lang='lat' dir='ltr'>ill.</span> <span class='ocrx_word' id='word_1_234' title='bbox 1128 4450 1163 4508; x_wconf 81' lang='lat'>75</span> <span class='ocrx_word' id='word_1_235' title='bbox 1181 4434 1302 4506; x_wconf 82' lang='lat' dir='ltr'>„Medos</span> 
     </span>
     <span class='ocr_line' id='line_1_33' title="bbox 169 4535 408 4594; baseline -0.008 0"><span class='ocrx_word' id='word_1_236' title='bbox 169 4544 199 4594; x_wconf 89' lang='lat' dir='ltr'>et</span> <span class='ocrx_word' id='word_1_237' title='bbox 219 4535 408 4594; x_wconf 85' lang='lat' dir='ltr'>Dardanos.’&#39;</span> 
     </span>
    </p>
   </div>
   <div class='ocr_carea' id='block_1_6' title="bbox 0 0 1660 5272">
    <p class='ocr_par' dir='ltr' id='par_1_9' title="bbox 0 0 1660 5272">
     <span class='ocr_line' id='line_1_34' title="bbox 0 0 1660 5272; baseline 0 0"><span class='ocrx_word' id='word_1_238' title='bbox 0 0 1660 5272; x_wconf 95' lang='lat' dir='ltr'> </span> 
     </span>
    </p>
   </div>
  </div>
 </body>
</html>
