3284 5272
701 555 759 612 ιο3

204 725 301 790 Sulla
325 737 480 789 extremo
512 728 696 790 certamine
727 737 806 789 ante
829 703 931 809 ipsas
948 729 1041 790 urbis
1064 740 1181 809 portas
1208 729 1296 792 Pon·

159 843 244 906 tium
267 844 464 906 Telesinam
488 841 677 907 Samnitem
701 863 742 906 ac
769 843 995 924 Lamponium
1019 844 1197 907 Lucanum
1220 865 1296 926 pro-

158 959 286 1021 strauit.
332 958 410 1042 Quo
445 960 629 1022 certamine
664 960 794 1021 nullum
828 980 977 1041 unquam
1011 958 1074 1022 fuit
1105 961 1229 1036 acriuS,
1244 982 1295 1024 ac

157 1095 279 1156 parurn
303 1073 427 1150 abfuit,
459 1065 540 1155 quin
571 1075 645 1156 ipse
670 1072 768 1138 Sulla
792 1084 884 1138 esset
907 1076 1048 1139 occisus.
1094 1073 1165 1139 Sed
1189 1076 1297 1156 Apol-

157 1191 262 1253 linem
296 1200 349 1254 est
380 1200 617 1272 comprecatus
646 1201 681 1254 et
709 1192 899 1272 reportauit
928 1192 1115 1254 uictoriam.
1161 1193 1297 1256 Deinde

157 1309 279 1370 urbem
301 1307 430 1370 introiit
452 1317 676 1389 senatumque
700 1308 734 1369 in
757 1309 879 1370 aedem
901 1309 1104 1371 conuocauit
1119 1308 1296 1372 Bellonae.

158 1421 270 1487 Simul
294 1432 408 1492 autern
432 1423 563 1503 etipse
587 1423 701 1486 dicere
729 1424 858 1504 coepit,
883 1434 918 1486 et
940 1424 1110 1486 trucidata
1131 1434 1209 1487 sunt
1233 1435 1296 1488 sex
1381 1461 1383 1466 ·

157 1539 252 1602 milia
273 1539 448 1602 hominum
472 1539 692 1620 captiuorum.
737 1537 838 1620 Quod
862 1559 1004 1602 cernens
1026 1559 1095 1602 non
1119 1550 1192 1602 erat
1208 1541 1296 1622 quis·

158 1674 262 1735 quarn
284 1655 463 1717 Romanus
487 1656 574 1717 adeo
597 1655 768 1736 stupidus,
792 1665 830 1717 ut
845 1675 913 1717 non
928 1655 1161 1737 intellegeret,
1182 1666 1297 1737 tyran·

158 1769 273 1831 nidem
297 1787 373 1834 esse
396 1769 596 1831 translatam
618 1777 764 1842 tantum,
781 1788 849 1831 non
865 1769 1052 1831 sublatam:
1078 1759 1149 1856 »ὥς
1163 1753 1293 1860 ἀλλαγὴ

157 1884 196 1953 τὸ
223 1889 343 1980 χρῆμα
370 1882 573 1980 τυραννίδος,
602 1881 660 1951 οὒκ
688 1881 867 1978 ἀπαλλαγὴ
895 1880 1046 1977 γέγονεν”
1070 1888 1142 1971 (293
1168 1889 1228 1970 3ο).

163 2035 166 2042 ·
205 2011 241 2075 C.
265 2011 428 2074 Metellus
460 2011 528 2094 (uel
564 2011 750 2073 secundum
773 2012 939 2092 quosdam
962 2009 1131 2086 Fufidius,
1161 2031 1248 2074 unus
1276 2034 1295 2075 e

158 2126 278 2192 Sullae
309 2126 465 2208 adseclis)
499 2135 719 2208 percontatus
754 2136 807 2188 est
829 2124 962 2189 Sullam
994 2127 1029 2188 in
1051 2137 1188 2200 senatu,
1217 2147 1297 2190 cum

157 2263 270 2325 neque
304 2263 465 2317 numer0,
499 2263 610 2325 neque
645 2242 790 2304 termino
814 2251 995 2305 contentae
1019 2243 1144 2304 caedes
1177 2244 1297 2306 urbem

158 2359 342 2440 inplerent,
384 2359 500 2439 ecquis
535 2358 672 2420 tandem
714 2367 805 2420 esset
839 2356 914 2420 finis
949 2357 1115 2420 malorum
1150 2357 1290 2420 futurus

159 2473 277 2539 Sullae
300 2474 536 2556 respondenti,
559 2473 625 2536 sibi
639 2474 800 2536 nondum
812 2482 984 2548 constare,
1001 2493 1086 2555 quos
1100 2475 1290 2549 necandoS,

158 2592 281 2674 quibus
304 2592 513 2672 parcendum
535 2591 656 2664 ducat,
680 2589 839 2674 subiecit:
867 2610 972 2672 ,ergo
995 2609 1081 2671 quos
1102 2588 1294 2653 interficere

157 2708 316 2771 statueris
338 2707 475 2770 indica.’'
499 2705 601 2789 Quod
613 2704 709 2770 Sulla
732 2725 770 2767 se
792 2701 961 2769 facturum
979 2707 1181 2788 promittens
1197 2707 1292 2769 insti·

159 2825 224 2887 tuit
238 2823 512 2905 proscriptiones
538 2820 662 2886 Statim
684 2821 884 2903 proscripsit
902 2821 1079 2904 octoginta
1102 2823 1209 2897 uirOS,
1229 2843 1296 2896 uno

158 2941 214 3003 die
236 2921 415 3002 interiecto
433 2940 598 3001 ducentos
619 2947 654 3000 et
671 2937 811 3020 uiginti,
824 2939 925 3000 tertio
938 2938 994 3000 die
1010 2958 1125 3001 rursus
1141 2939 1293 3001 totidem.
1350 2964 1351 2968 ¹

159 3056 280 3138 Neque
314 3056 451 3118 Romae
482 3056 607 3127 solum,
642 3055 704 3117 sed
733 3073 796 3135 per
826 3074 962 3116 omnem
984 3054 1120 3116 Italiam
1142 3055 1296 3117 homines

158 3172 465 3254 proscribebantur.
512 3170 590 3234 Non
625 3169 742 3233 aedes
764 3171 920 3244 deorum,
951 3190 1020 3232 non
1045 3179 1205 3251 penateS,
1229 3190 1297 3232 non

159 3288 280 3350 domus
310 3275 474 3368 paternae
511 3307 617 3368 purae
641 3306 661 3348 a
685 3286 847 3348 caedibus
870 3285 1022 3360 fuerunt;
1054 3285 1298 3367 iugulabantur

159 3402 272 3465 mariti
291 3422 405 3465 coram
421 3403 602 3477 uxoribuS,
614 3418 735 3464 'coram
751 3401 915 3462 matribus
932 3392 1000 3462 filii.
1024 3400 1296 3482 Proscriptorum

160 3527 275 3581 autem
308 3515 396 3580 filios
431 3517 476 3598 (id
506 3519 598 3599 quod
626 3517 774 3580 omnium
804 3516 1057 3579 iniustissimum
1089 3507 1171 3597 erat)
1200 3513 1298 3579 Sulla

158 3633 344 3696 honoribus
368 3633 516 3696 exclusit
537 3634 696 3714 bonaque
718 3632 908 3715 publicauit
934 3631 1006 3713 (31).

205 3749 335 3826 Marius
358 3758 467 3811 morte
489 3748 681 3810 uoluntaria
703 3747 804 3830 periit
821 3743 850 3828 ¹).
885 3745 984 3811 Sulla
1005 3746 1192 3809 Praeneste
1215 3747 1296 3808 duo·

159 3865 272 3928 decim
294 3864 468 3926 hominum
491 3863 586 3925 milia
608 3862 752 3927 interfici
775 3863 872 3926 iussit
895 3864 923 3947 (3
931 3862 967 3943 2).

204 3978 302 4044 Sulla
325 3980 528 4042 dictatorem
551 3998 588 4041 se
608 3978 720 4059 ipsum
744 3977 926 4041 constituit.
972 3977 1074 4040 Iussit
1093 3974 1296 4058 Pompeium

161 4095 330 4178 Magnum
349 4115 492 4158 uxorem
510 4114 606 4156 suam
632 4093 803 4156 dimittere
820 4103 855 4155 et
869 4093 905 4155 in
925 4092 1024 4154 huius
1040 4092 1154 4154 locum
1171 4091 1296 4154 ducere

161 4210 355 4273 Aemiliam.
400 4209 483 4273 Erat
505 4211 591 4272 haec
613 4189 763 4272 Aemilia
785 4207 856 4270 filia
879 4205 999 4271 Scauri
1010 4207 1033 4288 ²)
1058 4215 1094 4269 et
1116 4206 1316 4280 Metellae,·

211 4454 230 4536 ¹)
251 4455 296 4514 Cf.
318 4457 414 4514 PLUT.
437 4454 522 4513 Mar.
545 4457 583 4527 46
606 4463 678 4513 extr.

206 4552 231 4634 ²)
253 4554 297 4612 Cf.
317 4572 349 4629 p.
373 4572 410 4612 20
431 4561 494 4612 not.
517 4556 544 4612 6.
