3284 5272
830 521 889 576 124

330 691 430 753 Fron.
457 692 620 772 „prImum
643 692 736 773 apud
757 690 910 772 Capuam
933 694 998 754 sub
1021 713 1120 755 amne
1135 693 1305 757 Volturno
1325 695 1424 777 signa

286 816 491 870 concurrunt
514 816 549 870 et
571 808 686 870 statim
708 807 861 870 Norbani
883 806 977 872 fusus
1005 809 1201 873 exercitus?

329 921 472 985 Eumne.
499 923 627 1004 „primo
650 923 783 1004 proelio
807 932 927 987 contra
948 923 1147 987 Norbanum
1163 925 1338 988 dimicauit
1352 945 1422 988 non

284 1040 390 1122 longe
414 1059 435 1102 a
458 1038 601 1122 Capua.”

330 1153 432 1218 Onos.
460 1153 578 1231 „Sulla
600 1176 683 1218 mox
704 1165 743 1219 ut
763 1154 975 1238 Campanum
991 1156 1071 1219 litus
1086 1156 1210 1239 adtigit
1225 1157 1422 1220 Norbanum

285 1273 460 1336 consulem
483 1273 615 1354 proelio
639 1272 825 1354 oppressit’
847 1267 876 1354 ¹).

328 1388 459 1453 Locum
488 1409 628 1472 pugnae
657 1390 834 1476 regionem
858 1389 950 1453 circa
973 1388 1126 1472 Capuam
1149 1390 1300 1454 indicant
1323 1390 1423 1454 Vara.

288 1506 399 1582 „circa
422 1504 600 1588 Capuam”‚
623 1505 723 1570 Fron.
751 1507 862 1587 „apud
877 1504 1030 1588 Capuam
1042 1507 1104 1568 sub
1117 1526 1217 1569 amne
1229 1506 1422 1581 Voltumo”‚

283 1621 429 1684 EumoP.
456 1640 543 1696 „non
566 1621 671 1703 longe
693 1639 716 1682 a
739 1619 880 1703 capua,
905 1619 1007 1684 oros.
1036 1631 1092 1696 „ut
1108 1620 1320 1704 Campanum
1343 1621 1422 1685 litus

285 1736 435 1819 adtigit'’.

329 1849 407 1932 Quo
427 1850 539 1933 magis
555 1849 658 1913 miror
680 1850 763 1914 Aur.
786 1851 812 1913 Ι.
831 1857 873 1930 84
889 1871 1042 1914 narrare:
1068 1844 1211 1943 ,,πρώτη
1238 1845 1296 1939 μὲν
1318 1845 1423 1941 ἀμφὶ

284 1959 503 2036 Κανύσιον
531 1965 614 2062 προς
641 1961 825 2064 Νωρβανὸν
852 1967 996 2060 ἐγίγνετο
1024 1963 1140 2062 μάχη”
1157 1965 1188 2047 ²).

327 2084 527 2166 Loquuntur
550 2105 669 2148 omnes
693 2086 736 2148 de
767 2086 891 2149 eodem
913 2087 1054 2168 proelio.
1091 2085 1198 2167 Apud
1221 2085 1422 2168 Appianum
1479 2161 1481 2167 Ι

283 2202 464 2266 Norbanus
488 2223 525 2266 se
549 2202 703 2285 Capuam
725 2203 856 2285 recepit
873 2202 907 2283 ³),
936 2204 1029 2283 apud
1052 2204 1199 2266 eundem
1222 2203 1257 2265 in
1280 2223 1421 2283 sequen-

284 2319 376 2381 tibus
412 2317 598 2400 Campania
632 2319 689 2380 uel
712 2319 872 2401 regiones
894 2319 1073 2400 proximae
1103 2318 1193 2380 Latii
1216 2328 1321 2382 testes
1345 2328 1422 2381 sunt

283 2453 411 2510 rerum,
442 2455 530 2516 quae
558 2443 725 2517 geruntur
747 2435 785 2517 (c.
811 2440 851 2512 85
881 2434 914 2497 T
909 2455 1049 2511 eanum,
1073 2436 1166 2516 quod
1187 2435 1346 2498 nimirum
1369 2443 1422 2498 est

284 2551 438 2614 Teanum
472 2548 675 2625 Sidicinum,
711 2570 780 2614 non
802 2551 956 2614 Teanum
979 2551 1148 2633 Apulum3
1172 2551 1252 2614 ibid.
1277 2548 1401 2617 Suessa
1409 2575 1423 2622 ,-

284 2687 313 2729 c.
337 2671 379 2730 86
399 2665 535 2750 Capua).
566 2665 643 2748 Quo
659 2676 839 2748 praeterea
853 2676 957 2748 pacto
972 2667 1154 2730 Norbanus
1169 2687 1207 2730 se
1223 2688 1245 2730 a
1261 2666 1422 2741 Canusi0,

284 2803 329 2845 ex
352 2781 481 2863 Apulia
504 2783 616 2865 igitur,
642 2783 794 2865 Capuam
817 2784 1003 2866 receperit,
1028 2804 1097 2847 non
1119 2784 1340 2866 intellegitur.

329 2893 444 2976 Quare
468 2890 573 2986 ἀμφὶ
599 2885 811 2961 Κανύσιον
835 2895 918 2958 mihi
940 2895 1100 2958 uitiosum
1122 2895 1265 2958 uidetur.

327 3009 434 3072 Ratio
459 3021 574 3074 autem
596 3011 665 3074 loci
687 3009 842 3073 mendosi
865 3009 1007 3071 sanandi
1029 3029 1098 3070 non
1121 3007 1331 3091 perdifficilis
1354 3016 1421 3070 est:

283 3143 350 3206 pro-
377 3112 611 3193 Klurolou
644 3125 734 3188 enim
772 3111 1028 3192 motuum
1051 3123 1202 3205 legatur,
1234 3142 1322 3203 quae
1344 3122 1422 3184 srm-

283 3244 368 3325 plex
401 3245 543 3307 mutatio
578 3254 631 3308 est
646 3244 677 3326 ⁴).
724 3233 902 3308 Κασιλῖνον
939 3250 991 3305 est
1027 3243 1109 3303 urbs
1140 3239 1347 3322 Campaniae
1377 3241 1422 3301 ad

283 3355 489 3419 Volturnum
512 3357 563 3440 (=
576 3357 694 3421 From:
723 3359 834 3439 „apud
850 3357 1003 3438 Capuam
1020 3356 1084 3417 sub
1100 3373 1200 3432 amne
1216 3350 1422 3432 Volturno’t,

191 3507 193 3511 ,
283 3471 318 3534 in
340 3473 482 3556 regione
505 3474 612 3556 igitur
634 3474 792 3556 proxima
816 3474 908 3542 circa
931 3471 1093 3554 Capuam.

329 3706 350 3788 ¹)
371 3710 468 3767 Nemo
489 3708 580 3768 habet
601 3709 683 3786 quod
704 3711 800 3768 Paur.
815 3726 851 3784 27
868 3705 975 3766 tradit:
990 3705 1101 3765 Sullam
1116 3721 1264 3782 pugnasse
1278 3702 1421 3762 aduersus

283 3806 413 3868 Marium
435 3807 585 3868 Iuniorem
607 3818 636 3868 et
657 3809 833 3868 Norbanum
852 3806 1014 3866 consulem.

325 3907 351 3988 ²)
371 3905 469 3966 Etiam
503 3909 599 3970 PLUT.
632 3926 668 3984 27
702 3908 845 3968 adcurate
877 3905 965 3966 dicit:
999 3909 1053 3983 „r'v
1079 3906 1263 3988 Καμπανίᾳ
1287 3907 1358 3986 περὶ
1384 3910 1420 3969 τό

284 4015 435 4096 Τίφατον
460 4013 566 4097 ὄρος”.
608 4011 678 4073 Vid.
707 4014 781 4072 Vell.
811 4014 850 4070 ΙΙ.
880 4029 927 4089 25.
958 4021 1046 4089 „post
1074 4009 1248 4084 uictoriam,
1276 4029 1335 4086 qua
1356 4011 1421 4070 des-

283 4120 414 4179 cendens
434 4126 556 4178 montem
584 4118 690 4197 Tifata
712 4137 781 4176 cum
804 4116 838 4177 C.
860 4117 1004 4176 Norbano
1026 4115 1250 4176 concurrerat”.

328 4219 352 4300 ³)
373 4221 449 4278 Item
476 4220 552 4278 Plut.
584 4236 620 4294 27
651 4224 725 4294 ,,και“
756 4216 962 4284 κατέκλεισεν
995 4221 1039 4292 εἷς
1066 4221 1208 4302 Καπύην
1240 4216 1337 4281 πόλιν
1362 4219 1418 4280 τὸν

198 4349 202 4364 ’
284 4326 493 4411 Νορβανόν.”

325 4430 351 4510 4)
372 4432 456 4491 Idem
478 4429 639 4491 coniecisse
660 4430 748 4491 uideo
771 4431 960 4492 Tzscuueua
973 4431 1013 4491 ad
1027 4433 1110 4491 Eutr.
1122 4432 1160 4505 V,
1174 4447 1190 4505 7
1206 4438 1235 4490 et
1246 4431 1418 4505 namura,

286 4533 331 4606 II,
349 4551 379 4608 p.
401 4547 476 4607 459,
495 4541 556 4590 not.
579 4532 627 4607 85.
