3286 5272
862 511 903 582 48

355 703 381 764 I.
404 701 610 764 Plutarchus
632 698 862 779 transscripsit
874 695 993 760 Sullae
1009 697 1287 771 commentariOS,
1304 705 1454 777 excepto

310 817 455 880 fortasse
479 836 547 878 uno
571 816 648 878 loco
672 835 747 896 cap.
769 835 822 888 10,
837 813 896 878 ubi
913 813 1072 895 congruit
1084 833 1162 876 cum
1174 813 1273 875 Liuio
1291 813 1334 875 de
1347 813 1456 875 caede

315 930 469 1014 Sulpicii.

357 1049 431 1110 Iam
454 1046 668 1110 conferamus
691 1045 888 1127 Appianum
911 1065 989 1106 cum
1012 1043 1126 1107 Liuio:

392 1191 475 1253 Aee.
492 1190 534 1252 Β.
553 1189 588 1252 C.
605 1188 630 1250 I.
648 1209 700 1266 525.
1020 1185 1090 1247 Lrv.
1106 1204 1177 1266 per.
1194 1183 1381 1246 LXXVII.

290 1329 384 1428 „Kal
423 1332 500 1410 τοὺς
547 1333 583 1402 ἐκ
622 1337 684 1426 τῆς
724 1327 863 1406 Ἰταλίας
962 1327 1050 1408 „(Ut)
1084 1327 1166 1389 noui
1198 1327 1291 1389 ciues
1319 1325 1544 1406 libertinique

236 1454 503 1530 νεοπολίτας-
535 1451 715 1547 ἐπήλπιζεν
744 1451 777 1527 ἐς
803 1447 863 1526 τὰς
915 1445 949 1505 in
973 1444 1080 1505 tribus
1104 1442 1411 1505 distribuerentur?

237 1573 345 1670 φυλὰς
371 1571 507 1650 ἁπάσας
535 1572 717 1668 διαιρήσειν
740 1615 789 1621 -
810 1568 863 1638 καί

237 1695 339 1787 νόμον
354 1693 469 1762 αὐτίκα
484 1695 500 1762 ὁ
513 1691 707 1769 Σουλπίκιος
725 1691 862 1786 ἐςέφερε

238 1815 313 1911 περὶ
339 1811 468 1883 τοῦδε.”

392 1984 476 2046 Am.
494 1985 535 2046 B.
556 1984 590 2047 C.
607 1982 632 2044 I.
652 1988 703 2059 56.
1144 1979 1215 2042 L1v.
1232 1980 1313 2044 ibid.

292 2131 334 2211 „6
368 2127 404 2197 δὲ
439 2126 631 2203 Σουλπίκιος
665 2169 714 2175 -
746 2123 863 2221 ἐκύρου
962 2132 1017 2196 „et
1054 2132 1092 2184 ut
1130 2121 1166 2185 C.
1205 2122 1335 2184 Marius
1373 2124 1544 2186 aduersus

238 2249 294 2318 τὀν
314 2248 428 2340 νόμον,
456 2247 510 2316 καί
537 2247 575 2315 οὔ
604 2244 701 2342 χάριν
730 2243 863 2314 ἅπαντα
915 2235 1175 2310 Mithradate&
1198 2236 1301 2299 P01¹ti
1318 2257 1456 2318 segem,
1470 2239 1545 2301 dux

239 2373 343 2438 ταῦτα
384 2368 548 2461 ἐγίγνετο,
594 2361 723 2462 Μάριον
764 2363 864 2443 εὐθὺς
917 2353 1116 2416 eseafflfflf·”

241 2489 438 2586 ἐχειροτόνει
459 2494 518 2558 τοῦ
538 2489 621 2584 προς
642 2482 863 2583 Μιθραδάτην

239 2609 390 2701 πολέμου
417 2614 594 2705 ςρατηγεῖν
623 2607 694 2677 ἀντὶ
722 2604 864 2676 {illast

365 2780 498 2862 Legem
522 2788 638 2841 autem
662 2779 705 2840 de
729 2779 930 2841 reuocandis
953 2779 1132 2843 exsulibus
1152 2780 1312 2842 omittens
1327 2781 1414 2842 alias
1436 2801 1460 2842 a

319 2894 472 2976 Sulpicio
495 2895 730 2977 promulgatas
753 2894 852 2976 leges
876 2895 1013 2969 eodem,
1025 2915 1093 2977 quo
1106 2894 1238 2969 Liuius.
1251 2897 1369 2960 ordine
1386 2897 1459 2978 Ap·

317 3013 438 3095 pianus
461 3012 551 3074 citat.

362 3127 466 3192 Solus
489 3129 534 3190 ab
557 3137 702 3210 utroque
725 3126 818 3208 (Aee.
842 3128 902 3201 l.l.;
935 3127 1006 3188 Lrv.
1029 3126 1084 3207 ll.)
1107 3126 1304 3190 interfectus
1331 3148 1459 3190 memo·

318 3255 412 3308 ratur
432 3243 523 3306 filius
546 3244 691 3324 Pompei
714 3244 871 3305 consulis.

362 3360 543 3442 Appianus
592 3380 670 3421 cum
708 3359 806 3421 Liuio
856 3359 1016 3421 conuenit
1060 3359 1105 3421 de
1143 3369 1281 3422 senatus
1319 3361 1458 3423 decreto

318 3475 411 3558 (Aee.
435 3478 476 3539 B.
504 3477 538 3540 C.
562 3476 588 3538 I.
614 3480 673 3550 60;
697 3476 768 3538 Lrv.
792 3477 857 3555 ll).

363 3593 488 3655 Denuo
518 3593 609 3655 idem
639 3602 777 3654 narrant
808 3590 900 3672 (Am.
923 3591 964 3652 B.
992 3590 1026 3653 C.
1050 3590 1075 3652 I.
1101 3594 1159 3670 ⁶33
1184 3590 1255 3652 L1v.
1280 3590 1353 3671 ll),
1380 3611 1458 3652 nam

320 3729 365 3770 ex
383 3719 527 3790 utroque
539 3708 664 3791 liquet,
680 3709 822 3770 caedem
838 3706 982 3786 Pompei
1005 3725 1074 3768 non
1093 3705 1199 3768 inuito
1216 3706 1275 3769 Cn.
1291 3706 1458 3787 Pompeio

320 3845 396 3886 esse
423 3833 601 3905 patratam.

363 3937 488 4002 Differt
510 3950 626 4002 tamen
649 3939 737 4001 alter
760 3940 804 4000 ab
826 3938 934 4000 altero
957 3938 992 4000 in
1008 3938 1115 4000 caede
1132 3934 1277 4018 Sulpicii
1292 3937 1459 4000 tradenda

294 4055 413 4136 ι(ΑΡΡ.
436 4056 479 4117 Β.
515 4056 549 4118 C.
578 4055 604 4116 I.
633 4061 676 4117 60
701 4063 786 4116 extr.
793 4077 801 4128 ;
825 4054 895 4116 Lrv.
919 4053 983 4134 ll).
1030 4053 1092 4115 Est
1121 4053 1188 4115 hoc
1215 4073 1320 4114 unum
1343 4053 1458 4116 discri-

321 4191 415 4245 men,
454 4173 547 4252 quod
581 4172 670 4233 inter
700 4190 760 4233 eos
782 4169 971 4232 intercedit.
1003 4168 1130 4232 Contra
1153 4167 1359 4230 Plutarchus
1382 4169 1414 4230 h.
1437 4169 1457 4230 l.

322 4288 443 4348 eadem
467 4308 507 4350 ac
530 4286 648 4349 Liuius
671 4287 793 4368 prodit.

365 4402 408 4464 Π.
431 4402 501 4465 Lrv.
526 4423 597 4484 per.
621 4402 798 4464 LXXVII
820 4403 908 4464 haec
931 4402 1051 4464 habet:
1080 4399 1135 4475 „Q
1159 4399 1289 4462 Marius
1311 4399 1400 4463 filius
1423 4401 1457 4462 in

322 4517 474 4580 Africam
496 4519 636 4581 traiecit.
661 4518 696 4581 C.
720 4517 848 4580 Marius
870 4526 977 4598 pater,
1003 4537 1079 4579 cum
1101 4517 1136 4578 in
1162 4517 1345 4597 paludibus
1368 4515 1455 4578 Min·
