3284 5272
846 786 911 848 XI.

355 1065 459 1125 Tfluc.
496 1063 537 1138 V,
570 1069 627 1141 65,
656 1085 672 1140 5
723 1063 789 1152 ,πῇ
818 1053 868 1154 [ἐξ
896 1053 1021 1152 ὀλίγου]
1054 1056 1205 1151 αἰφνιδίῳ
1233 1055 1343 1126 αὐτῶν
1372 1057 1449 1127 ἀνα-

336 1199 363 1240 ον
395 1171 492 1245 ’σει.”

311 1200 333 1270 χ
362 1199 408 1371 g?
429 1292 583 1390 ὀλίγου,
608 1303 782 1382 glossema
807 1322 826 1363 e
851 1321 924 1382 cap.
945 1307 995 1377 64.
1009 1315 1028 1378 4
1042 1269 1266 1381 υάοοκὶρίυιιι,
1284 1302 1448 1363 deleatur.

837 1589 918 1652 XII.

350 1850 455 1911 THUc.
480 1848 528 1923 V,
554 1855 605 1927 69,
633 1871 648 1909 2
700 1849 789 1936 ,,τοῐς
817 1843 876 1935 μὲν
906 1838 1064 1938 Ἀργείοις
1091 1842 1143 1912 καί
1171 1840 1358 1939 ξυμμάχοις
1379 1867 1442 1912 τοι-

307 1960 391 2031 αῦτα
430 1959 629 2058 παργγνέθκγ,
671 1959 922 2054 Λακεδαιμόνιοι
957 1961 992 2031 δὲ
1031 1960 1106 2031 καθ’
1140 1960 1276 2040 ἑκάςους
1315 1986 1351 2031 τε
1391 1962 1442 2031 καί

310 2079 394 2172 μετὰ
420 2086 486 2149 τῶν
512 2080 698 2173 πολεμικῶν
717 2081 829 2174 νόμιον
849 2083 883 2151 ἐν
905 2082 1014 2176 σρίσιν
1036 2081 1147 2158 αὐτοῖς
1168 2081 1221 2148 ὧν
1237 2081 1445 2176 ἠπίςαντο

309 2200 370 2294 τὴν
403 2199 641 2296 παρακέλευσιν
682 2201 743 2296 τῆς
780 2200 918 2297 μνήμης
962 2197 1101 2294 ἀγαθοῖς
1128 2199 1217 2270 οὖσιν
1246 2197 1445 2270 ἐποιοῦντο.”

352 2322 419 2388 Hic
454 2326 550 2388 locus
589 2325 637 2387 ita
672 2325 753 2387 mihi
788 2326 958 2407 legendus
981 2345 1057 2388 esse
1081 2326 1232 2390 uidetur:
1269 2325 1358 2412 ,μοῖς
1385 2319 1444 2412 μὲν

307 2433 463 2533 Ἀργείοις
503 2437 555 2507 καί
591 2435 776 2533 ξυμμάχοις
802 2443 937 2508 τοιαῦτα
963 2435 1163 2534 παρῃνέθκγ,
1192 2435 1444 2530 Λακεδαιμόνιοι

173 2634 177 2640 ,
308 2557 436 2627 δὲκαὶ
463 2561 502 2625 οἱ
527 2554 765 2653 ξίιμμαχοι,
796 2556 879 2649 μετὰ
906 2564 972 2627 τῶν
999 2557 1185 2649 πολεμικῶν
1214 2557 1346 2650 νιίμοιν7
1382 2559 1445 2634 οἷς

306 2674 381 2746 καθ’
420 2675 556 2756 ἑκάςους
584 2677 849 2773 ἐχρήσαντο,
878 2679 911 2747 έν
939 2677 1048 2772 σρίσιν
1077 2676 1186 2755 αὐτοῖς
1214 2677 1275 2772 τὴν
1303 2677 1444 2773 παρακέ-

304 2795 413 2865 λευσιν
440 2801 502 2891 τῆς
530 2797 668 2893 μνήμης
695 2794 833 2890 ἀγαθοῖς
861 2796 949 2865 οὖσιν
978 2794 1182 2868 έποιοῦντο.”

827 3087 926 3149 XIII.

348 3348 451 3410 Falso
475 3345 581 3412 Schol.
605 3349 649 3409 ad
674 3346 845 3422 Tnuc.V‚
870 3352 927 3426 69,
956 3367 971 3408 2
998 3347 1151 3428 explicat
1174 3340 1338 3432 νόμων;
1370 3339 1444 3432 υνό-

305 3485 386 3553 μους
419 3458 615 3551 πολεμικοὺς
642 3458 728 3553 λέγει
755 3458 797 3529 τὰ
823 3457 978 3555 ίγισματα,
1008 3456 1092 3555 άπερ
1116 3459 1198 3555 ᾖδον
1227 3463 1257 3528 οἱ
1284 3457 1443 3529 Λακεδαι-

304 3579 409 3671 μόνιοι
436 3577 611 3671 μέλλοντες
639 3576 821 3675 μάχεσθαι.
849 3579 892 3674 ἦν
916 3578 952 3648 δὲ
978 3575 1209 3675 προτρεπτικά.
1239 3577 1377 3648 ἐκάλουν
1406 3578 1443 3648 δέ

304 3695 524 3796 έμβατήρια.”

823 3973 921 4035 XIV.

348 4235 446 4299 Sopfl.
476 4234 548 4311 AI,
581 4242 640 4314 461
675 4237 737 4317 (ed.
760 4236 898 4311 Nauck,
923 4236 1043 4318 Haupt
1066 4258 1097 4298 u.
1126 4234 1265 4318 Sauppe
1290 4236 1440 4298 Weidm.

308 4363 407 4437 1871,
430 4357 469 4420 P.
493 4358 517 4420 Ι.
541 4378 573 4439 p.
603 4358 689 4440 106):
738 4352 920 4446 ,μόνους
946 4351 973 4422 τ’
1000 4349 1167 4450 Ἀτρείδας
1193 4348 1276 4422 κτὲ.”

346 4476 414 4538 Pro
440 4470 592 4564 μόνους
614 4478 683 4560 leg.
708 4472 901 4564 ἀνόμους.
