3286 5272
551 1269 829 1355 CAPUT
885 1270 966 1354 IV.

274 1665 329 1722 on
357 1664 488 1724 sorar
516 1664 560 1720 ur
587 1663 720 1721 paruo
749 1663 881 1722 asmo
911 1663 1242 1723 MITHRADATICO

319 1775 321 1780 ’
548 1781 826 1854 ROMANORU'M
859 1795 978 1855 ouon

731 2330 838 2418 ἐν

233 2514 329 2575 auae
357 2514 462 2568 mut.
491 2513 574 2566 suu.
603 2515 714 2566 11-26
741 2483 778 2565 'et
805 2511 905 2578 App.
931 2511 1050 2567 Mithr.
1079 2514 1199 2567 aa-ea
1227 2513 1297 2566 hue

274 2610 487 2674 pertinentia
504 2609 663 2664 referunt
680 2608 782 2662 breui
799 2609 836 2661 in
855 2608 1047 2673 conspeetu
1065 2609 1256 2673 ponuntur.

242 2789 340 2850 Puur.
366 2785 450 2851 Sall.
479 2792 617 2849 11-26.
665 2786 877 2868 Conspectus
910 2785 1097 2848 ciuitatium
1129 2794 1164 2849 et
1193 2787 1338 2868 populo·

197 2925 316 2968 ruma
339 2903 547 2966 Mithradate
571 2911 651 2965 ante
674 2907 715 2981 87
742 2902 973 2964 subiectorum
996 2901 1069 2982 (11).

244 3020 408 3084 Obsessio
433 3028 468 3082 et
491 3019 704 3100 expugnatio
728 3017 944 3081 Athenarum
967 3016 1130 3098 (12-14).

243 3135 342 3200 Sulla
373 3157 418 3198 ex
448 3134 567 3198 Attica
596 3135 630 3196 in
652 3135 833 3197 Boeotiam
856 3133 1090 3215 proficiscitur.
1136 3133 1340 3196 Hortensius

200 3273 278 3316 cum
301 3253 456 3315 exercitu
479 3273 499 3314 e
522 3252 703 3314 Thessalia
725 3253 760 3313 in
785 3250 965 3314 Graeciam
984 3251 1086 3313 uenit.
1110 3250 1197 3312 Eum
1214 3250 1340 3331 Caphis

204 3367 397 3450 „popularis
431 3367 578 3442 noster,’'
614 3378 651 3430 ut
685 3367 891 3430 Plutarchus
915 3367 1009 3440 dicit,
1045 3367 1112 3428 alio
1136 3366 1256 3429 itinere
1279 3385 1342 3447 per

200 3486 388 3547 Parnasum
422 3484 456 3545 in
490 3483 670 3546 Boeotiam
702 3483 848 3546 deducit.
884 3483 974 3544 Tum
997 3481 1200 3544 Hortensius
1224 3483 1341 3563 copias

201 3619 280 3663 suas
303 3597 423 3663 Sullae
446 3599 603 3680 adiungit
625 3597 697 3680 (15).

245 3715 439 3779 Archelaus
462 3715 650 3778 exercitum
674 3735 772 3776 suum
795 3715 829 3776 in
853 3715 1030 3797 planitiem
1048 3715 1159 3789 ducit,
1176 3734 1264 3794 quae
1280 3713 1341 3776 dif-

201 3833 352 3896 funditur
380 3834 424 3894 ad
454 3831 587 3894 radices
611 3831 708 3894 collis
731 3831 965 3905 Philoboeoti,
995 3852 1097 3911 quem
1121 3829 1220 3895 Sulla
1243 3851 1342 3893 oecu-

202 3949 306 4030 pauit.
337 3948 462 4029 Copias
484 3949 519 4010 in
542 3947 616 4010 acie
640 3946 815 4009 constituit
830 3947 1038 4021 ArchelauS,
1062 3967 1131 4030 quo
1154 3946 1246 4009 facto
1269 3946 1342 4008 Ro-

202 4065 311 4127 manis
341 4064 461 4126 incutit
491 4063 648 4125 timorem
677 4072 751 4124 tum
779 4062 912 4144 ingenti
943 4063 1160 4125 multitudine
1183 4062 1342 4136 militum,

203 4191 275 4244 tum
305 4177 561 4262 magnificentia
592 4199 633 4241 ac
664 4177 847 4258 splendore
870 4178 1025 4241 militaris
1049 4179 1246 4260 adparatus,
1270 4187 1343 4239 tum

203 4297 405 4378 praesertim
428 4296 577 4359 clamore
602 4303 637 4356 et
660 4293 820 4374 strepitu,
852 4314 953 4374 quem
981 4295 1040 4356 uix
1063 4294 1253 4356 sustinebat
1275 4313 1343 4356 aer.

204 4411 501 4473 Perturbationem
518 4429 615 4482 uer0,
631 4423 720 4489 quae
744 4399 796 4470 διὰ
822 4401 1029 4498 πολυαρχίαν
1053 4427 1135 4468 mox
1158 4407 1193 4468 in
1215 4425 1343 4488 magno

207 4544 249 4587 eo
286 4523 439 4586 exercitu
473 4524 536 4585 sub
571 4522 770 4602 adspectum
806 4521 914 4596 uenit,
950 4519 1048 4585 Sulla
1070 4521 1105 4584 in
1128 4520 1343 4584 commodum
