3286 5272
747 552 787 610 59

197 719 291 780 uenit
320 721 547 804 regionesque
577 723 757 786 nonnullas
787 724 978 806 populatur.
1024 725 1176 788 Bruttius
1207 723 1295 789 Sura
1319 748 1339 787 e

196 835 328 914 proelio
352 838 486 913 nauali,
511 860 587 902 cum
610 841 670 903 illo
694 840 923 921 Metrophane
947 851 1066 924 gesto,
1088 842 1199 904 uictor
1214 843 1338 905 euadit.

195 948 291 1012 Idem
325 972 428 1033 porro
463 955 642 1018 Boeotiam
669 957 759 1038 ¹petit
795 967 829 1019 et
863 958 954 1020 circa
989 957 1223 1020 Chaeroneam
1262 979 1338 1021 cum

194 1064 369 1130 Aristione
401 1081 436 1133 et
467 1070 642 1135 Archelao
674 1073 786 1135 Marte
811 1072 1026 1136 conflictatur
1049 1074 1228 1140 communi.
1275 1072 1337 1138 Su-

195 1184 474 1262 peruenientibus
518 1208 602 1251 uero
653 1188 1006 1252 Lacedaemoniorum
1050 1189 1338 1272 Achaeorumque

195 1299 330 1361 auxiliis
363 1312 475 1366 castra
499 1306 543 1366 ad
566 1304 725 1366 Piraeum
749 1315 880 1377 mouet,
904 1326 1007 1387 quem
1032 1315 1067 1368 et
1090 1307 1200 1387 ipsum
1221 1307 1338 1388 paullo

194 1423 273 1494 post
297 1417 407 1480 classe
432 1422 596 1484 aduectus
619 1431 766 1502 occupat
789 1421 983 1503 Archelaus
1005 1423 1080 1503 (29).

241 1526 339 1593 Sulla
372 1528 407 1589 in
443 1527 623 1591 Graeciam
657 1531 752 1592 uenit
786 1529 1011 1610 Athenasque
1036 1538 1071 1592 et
1094 1529 1256 1593 Piraeum
1279 1533 1338 1593 ob·

196 1645 293 1708 sidet.
317 1646 450 1708 Urbem
473 1646 582 1727 ipsam
607 1655 802 1728 expugnat,
834 1666 902 1708 non
925 1666 1008 1708 uero
1032 1646 1207 1727 Piraeum,
1244 1647 1338 1710 cuius
1405 1648 1407 1652 ’

183 1761 231 1823 in
254 1770 388 1842 partem
411 1761 678 1836 munitissimam,
703 1763 788 1824 mari
811 1763 959 1842 undique
976 1763 1131 1838 cinctam,
1144 1762 1339 1826 Archelaus

197 1876 301 1938 muris
325 1876 498 1939 derelictis
520 1897 558 1938 se
581 1878 710 1958 recipit.
736 1876 847 1958 Quam
871 1877 969 1952 Sulla
991 1879 1135 1940 nauibus
1160 1899 1279 1942 carens
1294 1900 1337 1941 ne

198 1993 375 2055 adtentare
400 1992 537 2073 quidem
560 2002 677 2074 potest
700 1994 863 2075 (30—40).

242 2106 365 2172 Subito
388 2108 582 2171 Archelaus
605 2108 764 2172 Piraeum
788 2111 931 2184 deserit,
954 2130 1055 2191 quem
1078 2119 1214 2192 portum
1242 2110 1339 2175 Sulla

197 2236 269 2288 tum
292 2226 429 2287 demum
454 2225 554 2305 capit.
601 2224 794 2288 Archelaus
818 2227 909 2289 circa
924 2227 1176 2310 Thermopylas
1196 2229 1338 2311 conligit

197 2341 371 2424 relliquias
402 2341 577 2421 copiarum
608 2341 774 2415 omnium,
806 2363 891 2423 quas
921 2343 978 2405 uel
1002 2343 1075 2425 ipse
1099 2344 1134 2405 in
1157 2342 1338 2408 Graeciam

198 2458 406 2531 adduxerat,
443 2457 501 2519 uel
524 2475 612 2538 quae
635 2458 883 2521 Dromichaete
906 2460 993 2522 duce
1021 2460 1238 2521 aduenerant.
1269 2459 1338 2521 Eos

197 2588 332 2653 quoque
355 2573 514 2645 arcessit,
535 2573 592 2654 qui
617 2594 693 2635 curn
717 2575 810 2656 regis
829 2572 899 2637 filio
915 2574 1084 2638 Arcathia
1099 2575 1338 2638 Macedoniam

197 2689 343 2771 ingressi
378 2698 483 2751 erant.
536 2689 673 2751 Interea
708 2688 805 2753 Sulla
847 2690 970 2753 Piraeo
1005 2691 1144 2754 incenso
1187 2700 1223 2754 et
1262 2692 1337 2774 ipse

196 2825 259 2887 per
292 2805 473 2867 Boeotiam
507 2803 741 2886 proficiscitur.
793 2806 915 2869 Castra
945 2807 1170 2878 conferrmtur.
1205 2808 1337 2870 Arche-

197 2919 273 2982 laus
297 2921 456 2983 continue
487 2942 566 2984 suos
589 2923 747 3003 producit
769 2924 947 3004 pugnandi
969 2898 1176 3005 potestatem
1199 2923 1337 2987 faciens,

197 3033 294 3099 Sulla
328 3058 410 3100 uero
427 3111 430 3122 .
447 3047 642 3113 cunctatur,
678 3039 745 3102 loci
779 3048 935 3102 naturam
959 3051 995 3103 et
1017 3041 1166 3103 hostium
1190 3041 1337 3103 multitu·

197 3152 311 3214 dinem
345 3153 628 3234 circumspiciens
664 3155 815 3217 Recedit
845 3156 968 3218 deinde
998 3176 1115 3218 uersus
1139 3155 1337 3219 Chalcidem

196 3267 398 3331 Archelaus
423 3267 534 3349 Quem
557 3271 773 3351 subsequitur
797 3270 913 3347 Sulla,
938 3280 1072 3352 tempus
1084 3273 1265 3352 locumque
1278 3274 1336 3334 ob-

196 3405 344 3447 seruans
390 3384 564 3446 Proelium
598 3385 643 3446 ad
678 3385 934 3461 Chaeroneam,
957 3388 992 3448 in
1015 3408 1083 3469 quo
1106 3387 1299 3451 Archelaus
1315 3410 1337 3450 a

196 3500 295 3564 Sulla
317 3501 462 3579 uincitur
485 3502 647 3583 (41—45).

240 3618 433 3680 Archelaus
472 3618 600 3680 insulas
633 3620 825 3700 populatur.
872 3619 1118 3693 MithradateS‚
1155 3621 1199 3680 ad
1230 3620 1337 3682 cladis

196 3734 348 3796 nuntium
372 3743 502 3796 terrore
525 3734 715 3816 timoreque
738 3735 934 3816 perculsus,
959 3736 992 3797 in
1015 3737 1117 3798 urbes
1130 3735 1236 3798 Asiae
1252 3737 1337 3798 mul-

195 3850 238 3912 tis
273 3849 382 3912 saeuit
417 3849 534 3912 modis
581 3850 673 3913 Chiis
697 3853 741 3913 ab
766 3873 823 3926 e0,
859 3872 935 3914 cum
967 3853 1136 3914 Romanis
1166 3851 1336 3929 fauerent,

195 3966 427 4028 crudelissime
460 3966 586 4046 punitis
624 3966 764 4047 Ephesii
799 3989 819 4030 a
842 3967 986 4030 Pontico
1010 3988 1094 4050 rege
1117 3968 1232 4048 palam
1256 3967 1337 4030 defi-

196 4082 287 4144 ciunt
308 4081 333 4162 ¹).
372 4082 431 4144 Ad
454 4102 596 4162 quorum
620 4084 817 4164 exemplum
842 4085 1035 4146 desciscunt
1058 4084 1237 4158 Tralliani,
1261 4085 1335 4166 Hy-

194 4199 355 4279 paepeni,
379 4200 609 4280 Mesopolitae
633 4211 668 4263 et
691 4201 748 4262 alii
771 4202 931 4263 nonnulli.
968 4200 1065 4282 Quae
1090 4203 1170 4262 dum
1194 4202 1228 4262 in
1251 4200 1338 4262 Asia

209 4409 403 4416 μ-

246 4553 264 4634 1)
288 4555 332 4614 Cf.
355 4557 537 4628 Moumsnu,
559 4559 598 4615 R.
625 4557 663 4615 G.
686 4559 724 4615 ΙΙ.
747 4579 776 4633 p.
802 4577 859 4633 ²94
882 4566 943 4615 not.
