3284 5272
731 551 786 628 85'

185 748 319 810 cladem
354 768 394 810 ac
429 756 612 828 postquam
645 746 838 828 Archelaus
870 766 906 807 se
935 746 1002 807 iam
1034 745 1228 807 tradidisset
1252 745 1323 806 Ro·

183 865 299 927 manis.
340 862 452 945 Quam
482 865 591 926 bonas
613 871 693 926 tunc
718 862 930 926 conditiones
953 882 974 923 a
998 859 1096 925 Sulla
1120 870 1323 943 exspectare

185 981 361 1061 potuisset.

230 1095 411 1180 Appianas
439 1094 550 1179 igrii‘ur
579 1115 643 1158 sua
673 1096 720 1158 ad
744 1091 961 1164 defectionem
989 1092 1085 1157 illam
1114 1092 1324 1180 pertinentia

186 1234 253 1276 non
277 1235 294 1276 e
317 1211 420 1276 Limia
439 1211 564 1276 hausz't.

227 1331 265 1392 P.
292 1335 334 1392 80
365 1329 525 1402 uidimuS,
550 1329 638 1392 inter
660 1328 860 1410 Appianum
887 1338 922 1390 et
937 1328 1161 1390 Plutarchum
1185 1347 1324 1389 consen-

183 1467 257 1509 sum
288 1467 364 1510 esse
394 1447 428 1509 in
468 1466 586 1528 pugna
624 1447 668 1507 ad
705 1443 970 1508 Orchomenum·
997 1445 1180 1518 narranda;
1205 1464 1323 1506 uerum

183 1561 275 1622 haud
298 1559 477 1626 adfirmare
501 1561 626 1634 ausim,
651 1559 850 1641 Appianum
873 1559 1015 1640 perinde
1037 1579 1078 1622 ac
1102 1559 1324 1622 Plutarchum

184 1675 304 1740 Sullae
327 1675 524 1739 adhibuisse
549 1676 820 1738 commentarios

227 1791 393 1875 Congruit
419 1793 557 1873 quidem
580 1791 662 1854 An.
691 1814 732 1871 49
758 1811 834 1854 cum
859 1792 956 1854 Piur.
983 1813 1038 1866 20;
1063 1813 1097 1853 21
1128 1792 1184 1854 uel
1201 1793 1244 1854 de
1261 1789 1325 1853 sin-

183 1909 275 1992 gulis
298 1910 417 1983 rebus3
441 1929 472 1970 u.
499 1929 526 1972 c.

258 2122 356 2184 Prii.
382 2119 466 2186 Sall.
494 2141 543 2183 20.
966 2121 1048 2183 ΑΡΡ.
1072 2118 1195 2183 anthr.
1220 2143 1271 2198 49.

161 2289 277 2384 ,,ύμως
295 2290 331 2360 δὲ
357 2287 483 2387 θάρσος
496 2316 526 2360 τι
548 2295 597 2386 rip
612 2287 726 2388 Ἀρχε-
833 2293 874 2384 ,,ὁ
896 2290 933 2361 δὲ
957 2287 1084 2367 Σύλλας
1104 2290 1403 2388 άντεςρατοπέδευε

102 2411 179 2506 λάῳ
205 2389 363 2507 παρεῖχεν
384 2413 400 2480 ὁ
423 2411 505 2507 πρδς
530 2407 726 2507 Ὀρχομενῖρ
781 2411 840 2502 μὲν
878 2407 1046 2508 Ἀρχελάῳ
1066 2411 1152 2507 ,περί
1187 2407 1401 2507 Ὀρχομενόν.

102 2532 226 2615 τόπος,
256 2533 289 2600 ἐν
309 2527 340 2626 ip
360 2531 724 2628 κατεςρατοπέδευσαν,
780 2531 826 2608 ὡς
853 2531 888 2600 δὲ
906 2531 973 2600 εἶδε
986 2537 1047 2626 τῆς
1070 2529 1279 2626 ἐπελθούσης
1301 2530 1402 2600 ίππου

102 2654 309 2748 εύφυέςατος
324 2651 370 2720 ὤν
385 2655 638 2749 ἱπποκρατοῦσιν
657 2654 726 2722 ἐνα-
779 2653 817 2721 τδ
840 2649 990 2746 πλῆθος,
1019 2649 1151 2747 ὤρυσσε
1165 2649 1312 2748 τάφρους
1325 2651 1403 2720 πολ-

103 2770 345 2867 χωνίσασθαι.”
779 2770 840 2849 λάς
877 2770 940 2841 άνὰ
973 2773 1010 2841 τδ
1051 2771 1161 2842 πεδίον
1197 2769 1292 2868 εὖρος
1326 2771 1402 2840 δέκα

779 2891 894 2970 πόδας·
916 2892 969 2962 καί
992 2891 1139 2970 ἐπιόντος
1161 2891 1253 2987 αύτῖρ
1266 2897 1325 2961 τοῦ
1340 2887 1403 2988 Ἀρ-

782 3011 906 3108 χελάου
935 3011 1200 3110 άντιπαρέταξεν.

160 3129 256 3223 »ἐπεὶ
269 3129 305 3200 δὲ
320 3129 415 3224 ἐχχύς
432 3130 728 3228 κατεςρατοπέδευ-
833 3131 986 3210 ἀσθενῶς
1014 3133 1049 3202 δὲ
1072 3139 1138 3202 τῶν
1162 3129 1330 3224 Ρωμαίων
1351 3131 1402 3201 διά

104 3276 186 3345 σαν,
214 3253 231 3319 ὁ
255 3250 314 3342 μέν
338 3247 521 3347 Ἀρχέλαος
544 3248 727 3346 ἡσύχαζεν,
782 3227 1036 3350 δέοςτῆςίππου
1048 3253 1263 3348 μαχομένων,
1275 3253 1308 3329 ἐς
1317 3250 1402 3321 πολύ

105 3375 122 3439 ὁ
153 3371 189 3440 δὲ
204 3369 332 3448 Σύλλας
353 3369 478 3467 ὤρυττε
496 3369 643 3468 τάφρους
657 3373 728 3439 ἑκα-
783 3373 842 3465 μὲν
858 3371 977 3450 αὐτούς
993 3369 1211 3469 παριππεύων
1226 3370 1403 3468 παρεκάλει

41 3525 43 3530 ·
104 3489 272 3589 τέρωθεν,
301 3489 410 3585 ὅπως,
433 3493 460 3560 εἰ
488 3488 637 3585 δύναιτο7
661 3497 727 3558 τῶν
781 3494 833 3563 καλ
861 3495 1050 3589 ἐπέσπερχε
1084 3491 1143 3561 σὺν
1172 3492 1304 3587 ἀπειλη·
1347 3491 1404 3560 οὐκ

105 3617 232 3709 ςερεῶν
264 3611 317 3681 καί
345 3612 537 3703 ἱππασίμων
566 3610 728 3702 άποτεμύ-
782 3615 969 3711 ἐπιςρέφων
998 3613 1025 3682 δ’
1043 3611 1162 3690 αὐτοὺς
1190 3613 1223 3690 ἐς
1245 3613 1282 3680 τδ
1306 3611 1401 3708 ἔργον

106 3755 206 3826 μενος
231 3730 307 3810 τοὺς
334 3731 511 3825 πολεμίους
539 3729 655 3800 ὤσειεν
684 3732 728 3808 είς
782 3732 849 3804 οὐδ’
877 3730 939 3828 ὤς7
968 3732 1108 3829 ἐξήλατο
1134 3738 1192 3802 τοῦ
1219 3731 1320 3801 ἵππου
1351 3731 1403 3801 καί

104 3852 148 3923 τὰ
164 3851 237 3948 ἕλη.
262 3859 328 3921 τῶν
343 3851 380 3921 δὲ
400 3851 457 3920 οὐκ
473 3852 727 3947 ἀνασχομένων,
782 3861 921 3950 σημεῖον
941 3850 1096 3951 ἁρπάσας
1118 3851 1181 3922 ἀνά
1204 3853 1241 3921 τδ
1270 3852 1403 3947 μεταίχ-

106 3972 179 4043 ἀλλ’
206 3973 251 4051 ὡς
271 3970 462 4068 ἀφείθησαν
487 3972 550 4040 ort
571 3975 637 4040 τῶν
653 3995 729 4066 ςρα-
782 4000 855 4068 μιον
887 3973 957 4046 ’ἔθει
976 3973 1060 4067 μετὰ
1087 3979 1154 4042 τῶν
1187 3975 1401 4066 ύπασπιςῶν,

105 4097 232 4187 πηχῶν,
248 4091 388 4169 ἐντόνως
401 4091 454 4161 καὶ
465 4089 567 4187 ρύδην
578 4090 728 4161 ἐλαυνύν-
781 4091 956 4192 κεκραχῶς·
985 4096 1086 4171 εἴτις
1114 4095 1207 4185 ὑμῶν
1234 4088 1320 4162 κτέ.”

104 4237 186 4306 των,
202 4211 240 4281 ού
263 4211 363 4304 μόνον
385 4214 416 4280 oi
427 4211 501 4308 περί
520 4209 561 4280 τά
575 4211 656 4307 ἔργα
670 4216 728 4280 τοῦ

106 4331 219 4404 Σύλλα
247 4329 544 4427 διεσκεδάσθησαν,
566 4330 651 4400 ἀλλὰ
676 4333 729 4402 καί

102 4457 165 4522 τοῦ
180 4452 473 4549 παρατεταγμένου
495 4447 666 4547 συνεχύθη
690 4452 727 4519 τδ

105 4573 242 4652 πλεῖςον
271 4572 440 4667 ρυχύντος.
468 4570 550 4641 ἔνθα
578 4571 619 4667 δὴ
649 4569 728 4641 Σύλ-

355 2988 403 3050 Id.
429 3009 480 3051 21.
588 2962 590 2966 .
