3284 5272
871 522 929 564 112

329 716 437 779 prope
453 705 587 777 portam
603 694 772 758 Collinam
787 704 898 758 castra
913 695 1040 776 posuit,
1056 695 1132 757 urbi
1151 695 1278 776 quippe
1295 703 1462 766 metuens

331 831 408 875 cum
431 812 547 874 hostes
573 811 608 874 in
639 830 724 892 agro
748 808 887 873 Albano
919 809 1022 874 etiam
1054 819 1166 874 castra
1196 810 1315 874 metati
1338 818 1463 883 essent,

330 937 467 991 centum
488 925 561 990 fere
585 927 695 990 stadia
709 922 731 1006 ¹)
752 928 797 989 ab
820 927 915 990 urbe.

374 1042 462 1105 Mox
498 1043 598 1124 signa
633 1042 849 1105 contulerunt
883 1041 1093 1124 proeliique,
1133 1042 1225 1124 quod
1261 1059 1324 1124 per
1359 1047 1465 1104 totam

330 1167 467 1221 noctem
484 1158 645 1231 durabat,
660 1157 716 1220 hic
732 1157 845 1220 exitus
859 1155 939 1232 fuit,
961 1158 1054 1239 quod
1076 1156 1280 1221 Carboniani
1295 1155 1465 1240 profligati

331 1282 409 1336 sunt
435 1281 471 1336 et
497 1282 610 1336 castra
640 1292 758 1335 eorum
789 1282 891 1354 capta
920 1273 1064 1335 ducibus
1087 1271 1247 1337 Telesino
1270 1272 1464 1354 Albinoque

332 1388 449 1452 caesis
494 1387 717 1470 Lamponius,
740 1387 889 1452 Marcius
913 1397 949 1451 et
972 1388 1129 1452 Carrinas
1158 1387 1243 1472 fuga
1272 1389 1378 1452 uitam
1400 1408 1484 1464 serg

332 1526 414 1568 uare
437 1514 515 1568 sunt
546 1503 667 1568 conati.
713 1503 866 1586 Quorum
899 1505 1049 1568 Marcius
1081 1515 1117 1569 et
1146 1505 1318 1580 Carrinas,
1343 1525 1363 1568 e
1385 1503 1465 1588 fuga

332 1623 487 1696 retracti,
523 1641 544 1683 a
578 1618 676 1685 Sulla
711 1621 815 1686 occisi
850 1631 936 1684 sunt.
995 1621 1117 1704 Capita
1155 1643 1273 1686 eorum
1310 1621 1465 1686 Lucretio

332 1737 424 1800 misit
437 1737 556 1811 uictor,
573 1736 663 1801 circa
684 1737 819 1800 moenia
840 1736 1064 1800 Praenestina
1087 1735 1361 1802 circumferenda.
1407 1735 1466 1801 Ce-

333 1854 488 1917 ciderunt
522 1862 636 1915 autem
670 1853 846 1936 utrinque,
885 1863 924 1916 ut
957 1855 1107 1930 uidetur,
1142 1856 1186 1918 ad
1223 1853 1466 1937 quinquaginta

333 1969 435 2032 milia.
481 1967 659 2050 Captiuos,
690 1987 833 2050 quorum
855 1970 964 2033 maior
986 1990 1065 2051 pars
1092 1969 1228 2034 fuerunt
1251 1968 1421 2036 Samnites
1430 1969 1464 2050 ²),

333 2083 582 2149 interficiendos
613 2083 711 2149 Sulla
739 2087 870 2149 curauit
903 2107 1029 2150 omnes
1075 2086 1212 2151 Auditis
1241 2087 1336 2150 hisce
1364 2085 1463 2149 Prae-

297 2281 300 2285 ,
333 2201 456 2264 nestini
482 2221 519 2264 se
545 2200 706 2264 Lucretio
733 2202 944 2265 dediderunt
990 2201 1120 2266 Marius
1150 2203 1184 2266 in
1214 2201 1406 2266 cuniculum
1428 2221 1463 2264 se

333 2315 465 2377 abdidit
500 2306 549 2406 (ἐς
589 2306 736 2406 τάφρους
775 2308 958 2402 ὕπονόμου)
994 2316 1108 2398 ibique
1143 2315 1208 2379 sibi
1241 2316 1315 2397 ipse
1349 2334 1466 2378 necem

334 2428 508 2492 consciuit.
546 2427 659 2510 Caput
690 2429 763 2492 eius
792 2427 890 2494 Sulla
923 2448 986 2510 pro
1017 2429 1135 2494 rostris
1169 2427 1338 2510 exposuit.
1390 2426 1466 2491 Cru-

334 2544 506 2607 delissime
539 2561 642 2626 porro
673 2543 860 2608 Praeneste
890 2544 1039 2626 puniuit,
1068 2543 1199 2608 incolas
1228 2563 1290 2627 pro
1321 2543 1467 2606 maxima

334 2671 432 2743 parte
453 2660 573 2724 iaculis
597 2658 724 2744 configi
747 2661 875 2724 iubens
907 2660 1093 2742 Pompeius
1114 2661 1149 2724 in
1172 2657 1326 2724 Siciliam
1348 2659 1467 2722 missus

336 2786 388 2840 est
414 2785 533 2840 contra
563 2771 810 2852 Carbonianos;
838 2776 918 2840 inde
945 2777 980 2839 in
1010 2775 1164 2840 Africam
1193 2786 1311 2842 contra
1341 2774 1466 2840 Carbo·

333 2911 413 2956 nem
435 2893 555 2974 ipsum.

380 3005 480 3072 Sulla
518 3009 687 3071 aduocata
710 3008 883 3083 contione,
907 3008 941 3070 in
971 3028 1039 3091 qua
1069 3008 1177 3071 multa
1220 3008 1263 3070 de
1294 3027 1370 3070 sese
1400 3025 1467 3070 ma-

334 3123 475 3207 gnifice,
508 3125 615 3187 multa
638 3125 682 3186 ad
717 3125 811 3188 ciues
834 3125 1011 3188 terrendos
1035 3125 1169 3188 locutus
1193 3133 1258 3198 est,
1274 3132 1467 3188 senatorum

246 3239 251 3246 “
333 3239 532 3322 proscripsit
554 3239 798 3323 quadraginta,
823 3241 976 3322 equiturn
998 3241 1079 3304 mile
1111 3250 1148 3304 et
1169 3249 1360 3304 sexcentos.
1397 3238 1468 3301 Pri·

335 3376 410 3419 mus
437 3355 527 3419 enim
561 3353 659 3420 Sulla
691 3355 836 3419 formam
864 3357 968 3419 istam
1000 3356 1159 3432 necandi,
1190 3354 1470 3438 proscriptionem

334 3473 428 3547 uolo,
462 3472 618 3534 adhibuit
651 3473 811 3554 praemiis
847 3473 952 3536 etiam
985 3471 1242 3553 percussoribus
1278 3471 1469 3534 latentium·

334 3608 400 3670 que
423 3587 591 3651 indicibus
613 3589 805 3670 propositis
851 3588 1105 3669 Proscriptione
1128 3599 1244 3652 autem
1266 3587 1378 3650 necati
1394 3596 1471 3650 sunt

333 3703 488 3765 homines
528 3723 596 3765 non
631 3703 768 3767 Romae
804 3704 930 3778 solum,
973 3723 1092 3766 uerum
1126 3723 1188 3785 per
1225 3702 1361 3766 Italiam
1400 3702 1469 3764 uni-

334 3839 469 3882 uersam
502 3819 537 3883 in
570 3820 652 3902 ipsis
686 3821 860 3892 domibus,
898 3821 932 3884 in
966 3821 1043 3894 uim,
1078 3821 1113 3882 in
1152 3820 1304 3904 templis:
1342 3817 1471 3882 fiebant

334 3936 475 4010 caedes,
505 3935 727 4018 direptiones,
760 3937 979 4018 expulsiones
1010 3936 1146 4018 ubique.
1192 3935 1261 4000 Per
1290 3936 1470 4018 plerasque

383 4213 403 4296 ¹)
423 4217 447 4274 I.
469 4215 565 4274 exn
587 4213 666 4274 milia
686 4234 775 4304 pass,
797 4216 845 4276 uel
865 4214 947 4275 circa
961 4213 1174 4275 duodecimum
1188 4215 1227 4274 ab
1238 4214 1312 4274 urbe
1330 4212 1469 4290 lapidem.

380 4313 405 4394 ²)
425 4312 580 4391 Appianus
607 4311 695 4388 dicit,
727 4315 837 4374 Sullam
867 4315 927 4375 hoc
957 4313 1077 4388 fecisse,
1108 4315 1187 4390 quod
1211 4311 1356 4374 Samnites
1377 4312 1471 4374 maior

337 4431 441 4474 eorum
462 4432 531 4490 pars
552 4413 725 4486 essent,·ef.
747 4415 833 4489 Aen,
849 4415 872 4472 Ι.
886 4433 940 4490 93:
963 4421 1025 4496 „rot
1049 4439 1082 4480 τε
1106 4412 1295 4500 αἰχμάλωτα
1319 4411 1468 4492 Σύλλας,

337 4521 402 4582 ὅτι
427 4527 594 4587 Σαυνῖται
620 4527 655 4586 τὸ
679 4519 780 4587 πλέον
804 4518 860 4602 ἦν,
886 4522 1145 4603 κατηκόντισεν.”
