3286 5272
716 521 772 578 23.

146 693 200 755 M.
230 667 418 770 Marcello,
442 696 520 758 huic
545 695 604 758 Cn.
628 696 794 777 Pompeio
813 691 855 780 ¹),
881 695 921 777 Q.
946 694 1136 777 Caepione,
1165 697 1200 760 C.
1223 697 1304 760 Per-

143 829 288 890 penna,
324 809 360 874 C.
395 811 522 886 Mari0,
557 811 698 874 Valerio
733 809 906 874 Messalla.
942 812 1097 875 Tandem
1120 811 1302 894 Appianus

144 926 331 989 sociorum
369 929 474 990 duces
511 927 663 991 nominat
700 929 739 990 T.
774 926 986 1002 Lafrenium,
1026 926 1062 991 C.
1101 928 1303 1004 Pontilium‚

145 1041 309 1107 Marium
330 1043 531 1127 Egnatium,
549 1043 590 1126 Q.
602 1043 850 1125 Pompaedium
866 1043 902 1125 ²),
916 1044 952 1108 C.
968 1044 1128 1126 Papium,
1141 1045 1187 1108 M.
1204 1045 1303 1108 Lam·

146 1160 318 1240 ponium,
335 1158 371 1223 C.
383 1159 599 1234 Iudacilium,
616 1158 762 1223 Herium
773 1160 947 1235 Asinium,
960 1159 1116 1223 Vettium
1129 1159 1304 1224 Catonem.

201 1275 306 1358 Quae
330 1279 445 1339 autem
468 1276 625 1358 utrinque
652 1285 775 1359 gestae
792 1296 847 1339 res
864 1276 931 1340 sint
951 1277 1156 1359 compendio
1172 1278 1305 1341 rettulit

148 1390 360 1474 Appianus,
375 1401 414 1455 ut
428 1392 502 1473 ipse
519 1392 608 1455 dicit.
631 1391 687 1454 De
700 1390 798 1455 Sulla
817 1401 853 1455 et
868 1392 994 1467 Mario,
1010 1393 1046 1454 in
1060 1393 1154 1455 bello
1172 1394 1304 1469 sociali,

150 1518 192 1572 ut
219 1508 384 1600 uidimus,
418 1508 545 1591 legatis
572 1508 822 1583 consularibus,
855 1508 1063 1572 mentionem
1087 1508 1169 1572 facit
1193 1531 1220 1573 c.
1246 1532 1305 1587 40,

151 1647 218 1702 41,
247 1646 307 1703 43,
331 1647 391 1703 44,
416 1630 475 1703 46,
501 1644 561 1706 50,
589 1644 639 1703 51·

203 1740 244 1805 C.
271 1763 322 1818 40.
352 1740 518 1804 Numerat
545 1761 604 1804 eos
627 1741 716 1804 inter
738 1741 875 1823 legatos
900 1740 1047 1803 Marium
1075 1741 1199 1804 Rutilii
1226 1762 1303 1805 con-

152 1859 261 1932 suliS,
286 1855 418 1921 Sullam
443 1856 606 1921 Caesaris.

204 1973 245 2038 C.
258 1996 310 2052 41.
334 1972 435 2048 Dicit,
459 1974 632 2055 relliquias
648 1972 819 2036 exercitus
838 1973 1054 2054 Perpennae,
1072 1993 1093 2036 a
1108 1973 1145 2036 P.
1162 1974 1305 2037 Presen·

152 2101 242 2154 taeo
273 2111 350 2153 cum
373 2092 494 2153 decem
525 2090 662 2153 milibus
684 2089 810 2172 fugati,
839 2089 875 2154 C.
898 2089 1010 2153 Mario
1033 2110 1054 2152 a
1076 2090 1211 2153 Rutilio
1235 2111 1303 2154 eos

153 2227 239 2270 esse
262 2206 452 2270 adtributas
481 2207 644 2288 adempto
671 2206 874 2288 Perpennae
895 2206 1048 2288 imperio.

206 2323 245 2387 C.
270 2345 322 2402 43.
352 2322 493 2396 Narrat,
517 2323 665 2385 Marium
687 2323 762 2404 ipso
779 2322 915 2385 Rutilio
949 2323 983 2384 in
1006 2342 1125 2405 pugna
1141 2324 1185 2384 ad
1201 2321 1305 2384 Lirim

155 2439 276 2522 capite
307 2439 477 2513 sauciato,
502 2439 619 2521 paullo
643 2447 722 2520 post
745 2458 791 2501 ex
814 2459 857 2500 eo
879 2437 1021 2502 uulnere
1038 2447 1173 2502 mortuo
1194 2448 1306 2502 castra

155 2531 273 2619 Vettii
297 2554 435 2619 Catonis
460 2574 690 2637 expugnasse.

207 2671 245 2735 C.
269 2694 320 2749 44.
354 2671 553 2736 Exercitum
576 2670 699 2733 Rutilii
722 2679 861 2733 senatus
884 2670 1053 2733 commisit
1077 2670 1112 2734 C.
1136 2671 1246 2734 Mario
1271 2680 1306 2735 et

158 2789 203 2871 Q.
229 2787 404 2870 Caepioni.
438 2787 556 2863 Hunc,
580 2808 736 2850 necnon
758 2788 885 2851 multos
913 2809 959 2851 ex
981 2787 1048 2863 his,
1073 2789 1130 2870 qui
1154 2809 1231 2852 eum
1263 2810 1305 2853 eo

159 2916 274 2980 erant,
296 2904 495 2987 profligauit
518 2914 553 2968 et
582 2903 752 2967 interfecit
775 2903 816 2986 Q.
840 2904 1079 2987 Pompaedius
1117 2905 1306 2987 Reliquum

160 3022 237 3084 eius
260 3021 449 3084 exercitum
472 3023 518 3084 ad
540 3020 641 3083 Marii
665 3021 781 3102 copias
805 3021 961 3084 adiunxit
985 3030 1132 3084 senatus

210 3139 246 3202 C.
271 3144 323 3217 46.
348 3139 384 3202 C.
408 3138 536 3202 Marius
555 3139 706 3213 Marsos,
719 3158 796 3201 sese
809 3139 965 3213 adort05,
979 3138 1122 3221 egregie
1138 3138 1306 3219 reppulit,

161 3275 272 3338 usque
307 3255 352 3317 ad
386 3275 486 3337 sepes
509 3256 702 3318 uinetorum
735 3265 944 3336 persecutus.
980 3253 1074 3335 Quas
1098 3273 1175 3316 cum
1199 3253 1306 3316 hostis

162 3390 271 3453 aegre
294 3353 432 3451 quidem
455 3370 743 3443 transscenderet,
775 3369 885 3431 Mario
919 3389 988 3431 non
1011 3369 1122 3431 uisum
1146 3379 1217 3443 est,
1241 3370 1306 3431 hac

163 3507 226 3549 eos
247 3487 381 3567 insequi
405 3486 559 3567 amplius.
606 3484 783 3549 Cornelius
806 3505 890 3546 uero
913 3482 1027 3559 Sulla,
1048 3485 1105 3567 qui
1129 3485 1174 3546 ab
1198 3485 1307 3547 altera

164 3603 357 3665 uinetorum
379 3583 482 3684 parte*
501 3611 613 3664 castra
635 3602 799 3675 habebat,
830 3621 868 3663 re
891 3601 1066 3664 intellecta
1097 3599 1307 3683 fugientibus

164 3738 346 3782 occurrens
370 3727 405 3780 et
428 3717 501 3798 ipse
524 3717 650 3780 multos
674 3715 852 3779 interfecit.

164 3923 343 3982 Scuwarou.
365 3921 445 3996 App.
461 3920 515 3977 III.
526 3938 556 3995 p.
569 3920 625 3996 695
639 3915 816 3995 suspicatur,
827 3915 1012 3978 intercidisse
1022 3926 1090 3994 post
1101 3919 1134 3976 P.
1146 3917 1306 3976 Lentulum

170 4023 203 4081 C.
228 4021 370 4080 Caesaris
389 4036 515 4088 nomen,
536 4015 588 4094 qui
608 4017 699 4076 frater
719 4015 775 4075 fuit
798 4015 937 4075 consulis.

212 4118 234 4198 ¹)
254 4121 327 4177 Erat
348 4127 433 4195 pater
454 4118 509 4177 Cn.
534 4114 658 4192 Pompei
679 4113 784 4193 Magni
805 4113 962 4174 triumuiri.
983 4115 1028 4175 Cf.
1052 4116 1231 4188 DnuMANN,
1254 4115 1306 4172 IV.

168 4240 198 4296 p.
220 4219 279 4295 318
301 4227 331 4277 et
353 4237 422 4294 3²0·

208 4317 234 4391 2)
255 4318 300 4377 Cf.
321 4316 454 4388 Samso,
477 4317 514 4373 V.
537 4335 565 4388 4.
586 4321 601 4386 ξ
624 4335 660 4388 2,
682 4313 729 4373 ed.
742 4313 846 4374 maior.
862 4314 1001 4383 Kramer,
1017 4313 1115 4373 Berol.
1132 4314 1226 4386 1844,
1240 4313 1308 4373 Vol.

167 4419 191 4477 I.
213 4438 243 4494 p.
266 4418 344 4493 383:
367 4418 564 4500 ,Μαρσικὸν
601 4414 635 4478 δὲ
670 4413 845 4497 ὠνόμασαν
878 4421 934 4480 τὸν
972 4416 1111 4498 πόλεμον
1144 4413 1208 4480 α’πὸ
1240 4419 1306 4478 τῶν

169 4525 338 4610 ἀρξάντων
363 4535 417 4608 τῆς
442 4525 640 4600 α’ποςάσεως,
664 4526 719 4588 καὶ
743 4525 863 4606 μάλιςα
888 4523 952 4589 ἀπὸ
980 4521 1228 4603 Πομπαιδίον.”
