3286 5272
691 571 726 628 51

140 764 217 808 cum
240 746 338 809 Liuio
363 746 554 809 consentire
577 747 621 807 de
645 745 769 819 Cinna,
794 747 878 808 urbe
902 745 1011 826 pulso
1047 745 1165 808 Habet
1190 747 1280 809 enim

140 861 238 923 Pion
273 860 366 922 Mar.
391 871 428 938 41
451 860 542 922 init:
580 850 791 947 ,,’οκτάαυιος
832 853 891 944 μὲν
932 854 1102 951 κρατήσας
1143 853 1280 954 ἐξέβαλε

141 969 264 1043 Κίνναν
292 975 520 1069 ἐπιχειροῦντα
546 972 822 1071 τυραννικώτερον
851 965 999 1071 ἅρχειν.”

184 1100 267 1162 Am.
290 1101 332 1162 B.
359 1100 393 1163 C.
417 1099 442 1162 Ι.
467 1105 508 1177 65
533 1100 636 1163 modo
659 1099 754 1162 dicit:
780 1092 957 1190 ἐξέδραμεν
986 1088 1135 1182 (Κίννας)
1165 1095 1198 1170 ἐς
1219 1092 1279 1171 τὰς

141 1215 248 1310 ἀγχοῦ
275 1211 416 1291 πόλεις.”
912 1311 913 1314 ¹

184 1334 240 1396 De
264 1334 396 1395 duobus
419 1332 594 1408 fratribus,
619 1334 728 1396 altero
753 1354 772 1395 e
795 1334 956 1415 Pompei,
981 1334 1090 1396 altero
1115 1333 1279 1398 eCinnae

139 1449 304 1521 exercitu,
313 1448 372 1529 qui
383 1448 582 1529 ignorantes
599 1448 850 1512 concurrissent
861 1449 942 1531 (per.
955 1449 1018 1530 ll),
1027 1449 1233 1513 Plutarchus
1245 1459 1280 1512 et

138 1563 321 1646 Appianus
345 1564 454 1626 silent.
485 1563 592 1645 Apud
616 1564 751 1627 Liuium
763 1573 896 1628 tantum
909 1565 1070 1647 legimuS,
1084 1565 1120 1629 C.
1133 1566 1281 1629 Marium

139 1703 186 1743 ex
208 1680 328 1772 Africa
351 1702 427 1744 esse
450 1683 649 1744 arcessitum
672 1702 693 1743 a
710 1681 825 1757 Cinna,
850 1691 885 1744 et
895 1683 1013 1764 paullo
1029 1692 1123 1764 post:
1152 1683 1281 1759 ,Cinna

139 1804 176 1857 et
198 1795 328 1858 Marius
350 1805 512 1878 quattuor
535 1796 758 1870 exercitibus
779 1818 825 1860 ex
847 1798 970 1879 quibus
986 1799 1054 1860 duo
1071 1797 1111 1880 Q.
1130 1796 1282 1862 Sertorio

138 1923 176 1975 et
200 1912 348 1976 Carboni
369 1915 441 1977 dati
464 1923 556 1991 ¹sunt,
583 1916 703 1977 urbem
727 1915 1046 1978 circumsederunt.”
1069 1915 1284 1998 Epitomator

136 2028 247 2110 igitur
268 2029 409 2112 singula.
428 2030 557 2106 omisit,
587 2050 676 2111 quae
700 2032 792 2111 apud
815 2015 1040 2094 Plutarchum
1063 2031 1156 2094 Mur.
1183 2055 1219 2110 41
1249 2041 1283 2094 et

138 2143 341 2226 Appianum
364 2147 405 2208 B.
433 2146 467 2209 C.
490 2146 515 2209 I.
541 2152 580 2226 67
607 2156 744 2209 seruata
766 2156 844 2210 sunt
867 2146 919 2229 (cf.
942 2168 974 2229 p.
1000 2169 1039 2225 32
1065 2149 1157 2230 sqq.).

186 2261 390 2324 Plutarchus
423 2282 491 2324 non
521 2263 671 2343 loquitur
693 2264 737 2324 de
761 2262 933 2338 Carbone,
956 2283 1023 2335 nec¹
1045 2264 1088 2326 de
1113 2261 1282 2328 Sertorio:

138 2379 279 2460 ignorat
311 2379 436 2461 igitur,
468 2379 586 2459 copias
609 2379 644 2441 in
666 2389 829 2461 quattuor
851 2380 977 2442 diuisas
1001 2399 1077 2443 esse
1102 2381 1282 2444 exercitus.

139 2493 255 2575 Quam
277 2514 350 2557 rem
373 2493 555 2577 Appianus
578 2495 620 2556 B.
640 2495 674 2558 C.
690 2494 716 2556 I.
742 2501 782 2574 67
801 2495 940 2576 quidem
960 2515 1153 2559 memorans
1168 2506 1283 2559 tamen

140 2611 267 2673 certior
289 2610 399 2674 factus
422 2630 509 2702 esse¹
522 2611 658 2673 uidetur
680 2631 749 2672 non
773 2612 817 2672 de
840 2619 1017 2693 quattuor,
1041 2611 1103 2674 sed
1115 2613 1159 2674 de
1175 2612 1283 2676 tribus

140 2724 364 2800 exercitibus,
388 2745 465 2787 cum
485 2725 595 2788 dicat:
621 2719 679 2812 „a
706 2718 779 2814 τρία
807 2716 1046 2815 διαιρεθέντες,
1073 2715 1197 2798 Κίννας
1222 2719 1282 2812 μὲν

139 2837 195 2907 καὶ
221 2833 369 2937 Κάρβων
402 2836 461 2907 σὺν
490 2837 583 2934 αὒτῖρ
610 2843 673 2934 τῆς
698 2838 829 2916 πόλεως
858 2836 1007 2936 ἀντικρύ,
1037 2837 1220 2937 Σερτώριος
1248 2841 1283 2911 δὲ

59 3047 60 3050 ¹
141 2957 225 3054 ὑπὲρ
251 2959 313 3054 τὴν
340 2958 433 3027 πόλιν
462 2956 630 3044 humaui
657 2953 785 3056 Μάριος
811 2961 895 3057 πρὸς
921 2965 965 3056 τῇ
993 2958 1153 3056 θαλάσσῃ
1170 2959 1215 3041 ί).”

188 3087 243 3149 De
267 3086 379 3162 Ostia,
404 3108 425 3149 a
446 3087 557 3150 Mario
581 3099 797 3170 expugnata,
810 3089 899 3152 inter
914 3109 951 3150 se
964 3098 1170 3170 congruunt:
1184 3088 1283 3152 PLuT.
1363 3110 1365 3114 ·

142 3203 236 3265 Mor.
262 3224 318 3282 423
342 3203 424 3266 App.
448 3204 489 3266 B.
517 3203 551 3268 C.
575 3204 601 3266 I.
626 3211 666 3284 67
678 3227 685 3280 ;
710 3205 780 3266 Lrv.
803 3224 875 3286 per.
898 3203 1062 3266 LXXIX
1085 3212 1170 3266 extr.

188 3319 243 3382 De
266 3318 476 3384 Samnitibus
498 3321 582 3383 nihil
606 3321 689 3384 dicit
708 3321 913 3384 Plutarchus
933 3302 1096 3402 Appiano
1112 3320 1177 3382 hac
1195 3320 1230 3382 in
1245 3339 1282 3382 re

122 3501 125 3506 ,
144 3457 222 3499 cum
245 3436 343 3498 Liuio
368 3437 584 3518 conspirante
601 3437 694 3520 (Aee.
711 3438 752 3500 B.
773 3437 806 3500 C.
823 3436 849 3499 I.
868 3443 909 3500 68
920 3459 930 3512 ;,
943 3436 1014 3500 L1v.
1031 3457 1101 3518 per.
1118 3435 1283 3517 LXXX).

187 3553 377 3616 Ianiculum
400 3574 421 3615 a
444 3553 606 3616 Marianis
630 3563 836 3635 occupatum
859 3573 934 3617 esse
965 3553 1120 3616 similiter
1141 3563 1211 3616 tres
1233 3552 1283 3614 illi

144 3669 328 3750 scriptores
350 3680 551 3733 memorant.
574 3668 740 3733 Attamen
764 3670 958 3732 addendum
981 3678 1048 3744 est,
1063 3669 1284 3732 Plutarchum

144 3786 231 3848 illud
252 3785 380 3850 factum
402 3806 559 3869 quaeque
583 3787 707 3850 deinde
730 3785 824 3850 facta
846 3788 913 3849 sint
937 3785 1110 3849 confusius
1129 3805 1283 3861 narrare,

144 3899 343 3983 Appianum
377 3904 530 3984 tradere,
571 3912 706 3983 portam
745 3902 995 3965 Ianiculensem
1030 3923 1106 3964 esse
1129 3910 1283 3982 apertam

145 4019 256 4081 Mario
279 4020 324 4081 ab
346 4016 464 4100 Appio
482 4018 624 4083 Claudio
641 4019 776 4081 tribuno
792 4019 952 4093 militum,
969 4016 1109 4080 Ianiculi
1126 4017 1283 4088 custode,

208 4229 353 4236 „------.-

193 4373 214 4455 ¹)
234 4376 373 4448 Frons,
403 4376 448 4448 Il,
471 4397 506 4452 9,
539 4394 573 4452 13
597 4395 666 4434 cum
688 4375 773 4436 Liuio
795 4376 900 4435 habet:
923 4394 1014 4452 „mox
1034 4374 1063 4434 in
1086 4374 1191 4433 urbem
1211 4393 1282 4450 qua·

145 4477 277 4550 druplici
302 4473 419 4552 agmine
441 4474 583 4548 intratur;
605 4474 732 4534 diuisere
754 4474 855 4552 copias
877 4473 987 4548 Cinna,
1012 4471 1140 4548 Μανίας,
1164 4473 1279 4547 Carbo,

146 4574 321 4634 Sertorius.''
