3284 5272
894 565 935 622 08

938 751 1038 819 ναίων
1064 751 1330 850 εὐλαβουμένους
1356 752 1393 819 το
1415 750 1554 842 μέλλον,

938 869 991 940 διὰ
1004 877 1071 940 τῶν
1086 877 1206 966 τειχῶν
1220 869 1341 948 αὐτοὺς
1353 868 1557 964 καθιμήσαν-

939 1017 997 1068 τας
1011 989 1153 1086 φεύγειν.
1167 990 1220 1059 καὶ
1234 987 1428 1086 ὁἈθηνίων
1443 989 1558 1064 ἱππέας

939 1111 1177 1193 έτοαποςείλας,
1207 1108 1263 1188 οὓς
1290 1110 1350 1202 μέν
1369 1109 1557 1204 ἐφόνευσεν,

940 1230 998 1308 οὓς
1016 1230 1053 1300 δὲ
1081 1231 1134 1300 καὶ
1154 1231 1348 1322 δεδεμένους
1373 1229 1557 1325 κατήγαγεν

939 1353 981 1432 (p.
1007 1373 1088 1429 213,
1112 1351 1139 1425 f;
1162 1372 1197 1432 p.
1222 1372 1301 1427 214,
1326 1350 1381 1428 a).'’

392 1563 535 1626 Breuior
571 1573 624 1626 est
656 1563 860 1626 Plutarchus
897 1564 941 1624 de
976 1564 1043 1626 hoc
1081 1563 1272 1635 Aristione,
1308 1561 1349 1624 cf.
1383 1560 1483 1622 Prur.

348 1675 434 1740 Sall.
463 1697 516 1738 12:
541 1667 694 1764 „Eunu
719 1676 789 1747 ταῖς
814 1666 974 1765 Ἀθήναις
992 1668 1045 1738 διὰ
1063 1671 1121 1738 τὸν
1139 1667 1296 1766 τύραννον
1316 1664 1483 1763 Ἀριςίωνα

346 1787 585 1888 βασιλεύεσθαι
612 1792 879 1886 ἠναγκασμέναις
904 1787 1044 1884 έπέςη.”’

391 1917 441 1979 Id
453 1914 539 1981 Sall.
553 1938 590 1994 13
600 1917 645 1979 de
656 1917 808 1980 moribus
825 1917 898 1979 eius
909 1917 1073 1998 loquitor:
1091 1912 1133 2003 „6
1147 1907 1305 2005 τύραννος
1318 1905 1481 2005 'Apicium7

347 2028 526 2127 ἄνθρωπος
551 2030 586 2108 ἐξ
620 2030 794 2123 ἀσελγείας
829 2032 913 2122 ὁμοῦ
946 2031 998 2099 καὶ
1033 2029 1209 2125 ὠμότητος
1243 2030 1333 2126 ἔχων
1361 2054 1484 2122 συγκει-

348 2160 452 2256 μένην
478 2161 541 2254 τὴν
568 2161 699 2256 ψυχὴν,
726 2159 779 2230 καὶ
801 2158 843 2229 τὰ
861 2160 991 2257 χείριςα
1009 2165 1075 2228 τῶν
1093 2154 1349 2255 Μιθραδατικῶν
1371 2182 1483 2253 συνερ-

1436 2286 1452 2310 5)

1428 2336 1435 2349 ι

347 2288 492 2384 ροηκότοι
519 2287 721 2383 νοσημάτων
748 2287 800 2357 καλ
826 2286 948 2357 παθῶν
975 2290 1021 2365 εἰς
1046 2289 1163 2357 ἑαυτὸν
1192 2285 1382 2383 ἀνειληφώς
1401 2283 1426 2371 ¹)

392 2416 432 2478 In
453 2417 562 2479 tribus
578 2416 600 2496 2λ
629 2427 746 2479 autem
767 2417 871 2478 rebus
900 2415 1080 2497 Appianus
1106 2436 1128 2477 a
1149 2415 1334 2478 Posidonio
1360 2414 1484 2477 differt.

346 2533 498 2596 Primum
520 2533 691 2595 dissensus
714 2541 767 2594 est
789 2533 878 2594 inter
899 2552 960 2594 eos
975 2532 1019 2594 de
1033 2533 1171 2594 nomine
1185 2532 1331 2593 hominis
1341 2531 1371 2610 3).
1395 2531 1486 2592 Turn

349 2669 447 2726 secus
475 2669 577 2730 quam
606 2648 826 2721 Posidonius,
856 2648 914 2728 qui
944 2667 1023 2709 eum
1044 2646 1283 2728 Peripateticis
1305 2647 1485 2720 adscribit,

349 2764 528 2846 Appianus
550 2763 757 2845 Epicureum
786 2784 865 2826 eum
892 2762 996 2825 fuisse
1018 2763 1131 2825 tradit
1176 2763 1295 2825 Tertio
1318 2764 1396 2825 loco
1418 2762 1487 2825 Po·

347 2880 498 2942 sidonius
519 2899 587 2941 non
610 2880 693 2942 dicit
714 2879 807 2960 quod
821 2879 1002 2961 Appianus
1017 2880 1137 2953 habet,
1154 2899 1234 2941 eum
1253 2899 1331 2941 curn
1351 2879 1487 2941 duobus

347 2995 484 3058 milibus
506 2995 651 3057 militum
674 2994 831 3057 Athenas
853 2996 993 3058 missum
1016 3016 1100 3058 esse.

395 3353 415 3429 ¹)
436 3352 482 3411 Cf.
503 3353 600 3410 Puur.
617 3351 694 3410 Sull.
718 3371 772 3426 233
793 3350 835 3410 id.
843 3360 994 3426 praecept.
1002 3371 1067 3425 ger.
1082 3353 1129 3410 rei
1137 3353 1220 3426 publ.
1242 3373 1296 3426 14,
1317 3353 1365 3412 ed.
1383 3353 1484 3412 Dubn.

349 3451 456 3510 Moral.
478 3450 545 3509 Vol.
567 3452 606 3508 ΙΙ.
627 3470 655 3526 p.
680 3451 749 3526 988.

390 3549 415 3630 ²)
436 3552 578 3622 Ionunu,
599 3569 629 3625 p.
653 3566 688 3624 37
708 3549 822 3626 profert
838 3558 981 3626 quattuor
998 3569 1063 3625 res,
1081 3550 1112 3608 in
1131 3549 1238 3627 quibus
1266 3549 1426 3629 scriptores
1445 3550 1486 3610 issi

347 3649 424 3709 iuter
445 3668 476 3708 se
493 3647 683 3721 dissentiant,
704 3667 812 3725 nempe
829 3657 899 3722 tres,
919 3667 993 3725 quas
1013 3668 1103 3727 supra
1118 3649 1195 3722 cito,
1217 3649 1325 3726 quibus
1346 3659 1487 3727 quartam

348 3747 446 3809 addit:
459 3746 671 3824 „Posidonium
682 3765 744 3806 non
754 3746 857 3807 secisse
867 3747 1050 3809 mentionem
1061 3748 1099 3808 de
1110 3747 1226 3808 ciuibus
1238 3748 1485 3823 AtheniensibuS,

348 3847 457 3924 partim
470 3845 647 3919 interfectis,
666 3845 776 3924 partim
792 3846 832 3906 ad
847 3845 1061 3907 Mithradatem
1074 3847 1205 3920 missis'',
1227 3866 1287 3924 qua
1302 3847 1340 3907 de
1354 3867 1386 3907 re
1399 3846 1487 3907 aliter

348 3945 458 4007 iudico.
486 3944 561 4004 Mihi
582 3945 659 4005 enim
679 3945 754 4005 haec
776 3946 868 4005 uerba
888 3945 1057 4007 Posidonii:
1081 3955 1124 4023 ‚·‚0‘
1144 3947 1322 4031 Ἀθηνίων
1347 3951 1401 4022 οὓς
1423 3954 1485 4028 μὲν

350 4061 536 4136 ἐφόνευσεν,
567 4056 620 4126 οὓς
652 4054 685 4120 δὲ
712 4057 767 4116 καὶ
804 4053 994 4138 δεδεμένους
1020 4056 1223 4135 κατηγαγεν”
1257 4055 1362 4115 eadem
1384 4054 1486 4114 dicere

340 4155 502 4232 uidentur,
525 4178 601 4236 quae
622 4162 718 4237 App:
737 4164 835 4238 „roric
854 4169 914 4243 μὲν
929 4165 1073 4228 ἔκτεινεν
1099 4169 1174 4235 τούς
1194 4161 1224 4225 δ’
1242 4162 1431 4244 ἀνέπεμψεν
1451 4167 1484 4236 ἐς

351 4265 606 4352 Μιθραδάτηιι.”

392 4371 416 4452 ³)
436 4373 611 4431 Plutarchus
628 4381 658 4432 et
685 4372 846 4450 Eutropius
873 4372 923 4452 (cf.
943 4374 982 4432 l.l.
1004 4374 1062 4452 cc.)
1083 4393 1151 4434 cum
1172 4371 1312 4450 Appiano
1333 4373 1484 4432 scribunt:

350 4474 498 4546 Aristion,
526 4471 608 4548 quod
634 4491 743 4532 nomen
770 4471 859 4531 etiam
886 4472 993 4550 legitur
1014 4492 1061 4550 ap.
1087 4473 1198 4531 Smin.
1221 4475 1272 4531 IX.
1302 4493 1327 4530 1.
1352 4493 1404 4542 20,
1435 4473 1483 4532 ed.

350 4573 487 4630 Kramer.
511 4571 577 4629 Vol.
601 4572 638 4628 11.
661 4591 690 4646 p.
716 4573 782 4628 226.
