3286 5272
693 495 732 553 55

187 669 372 731 Praeterea
405 668 609 732 Plutarchus
644 669 687 731 l.l.
727 670 761 733 C.
787 667 944 732 Pisonem
975 670 1146 750 quendam
1169 678 1283 736 uocat.

133 791 395 872 cui-epitheton
421 786 532 884 „duhp
561 783 719 883 'ampodi'
744 793 849 855 donat
866 787 896 872 ¹).

137 990 351 998 .—-—-——.

134 1119 200 1195 „de
214 1120 249 1180 C.
263 1118 353 1178 Marii
373 1118 479 1178 ultima
500 1120 579 1180 uitae
604 1129 689 1197 parte
709 1119 790 1179 haud
812 1117 874 1178 scio
895 1136 935 1176 an
945 1114 1193 1194 locupletissimus
1203 1115 1285 1175 testis

132 1217 317 1279 Posidonius
337 1219 492 1280 habendus
514 1218 568 1293 sit,
592 1219 703 1296 quippe
725 1218 776 1296 qui
787 1218 850 1295 ipse
863 1236 1004 1294 praesens
1014 1215 1042 1276 ei
1052 1225 1117 1275 tum
1128 1215 1286 1277 adfuerit.''

184 1317 207 1399 ¹)
228 1318 292 1378 Etsi
322 1338 471 1396 nusquam
502 1319 573 1378 alias
604 1319 635 1378 in
665 1318 804 1379 uniuersa
835 1316 1013 1394 antiquitate
1041 1315 1079 1375 de
1101 1316 1136 1375 C.
1157 1313 1284 1388 Pisone,

132 1417 284 1494 scriptore
305 1416 468 1492 historico,
491 1417 603 1478 mentio
623 1420 673 1492 fit,
695 1416 829 1491 conicio,
858 1416 1052 1476 Plutarchum
1078 1412 1225 1492 cogitasse
1246 1414 1285 1473 de

133 1518 173 1576 C.
203 1515 326 1590 Pisone,
349 1516 400 1594 qui
429 1519 534 1578 consul
553 1517 608 1577 fuit
629 1521 667 1588 67
698 1516 793 1598 (Dro,
815 1517 957 1576 XXXVI.
982 1535 1040 1588 14,
1064 1534 1122 1588 24,
1146 1531 1204 1590 37,
1229 1515 1284 1590 38,

131 1617 185 1676 ed.
209 1614 343 1676 Dindors
362 1613 457 1693 1863,
478 1617 546 1677 Vol.
569 1619 593 1675 Ι.
616 1638 645 1694 p.
664 1620 736 1691 166,
758 1635 814 1692 17²
826 1662 834 1691 ,
848 1618 922 1690 182,
938 1617 1004 1691 183.
1018 1650 1056 1658 —
1068 1615 1165 1674 PLUT.
1176 1616 1284 1688 Pomp.

135 1733 174 1793 25
190 1737 198 1789 3
223 1734 325 1791 27-
346 1717 426 1774 Vna.
447 1718 526 1776 Mnx
546 1718 600 1775 III.
623 1717 652 1775 8.
674 1718 763 1776 Rom.
788 1716 998 1792 3.—C1c.H.
1014 1715 1092 1773 Phil.
1107 1711 1286 1793 c.V.§12.)

133 1814 357 1892 quiqueacrc.
366 1825 397 1890 p.
420 1817 517 1875 Flacc.
540 1836 566 1875 c.
589 1817 729 1876 XXXIX.
741 1823 756 1888 §
767 1816 806 1893 98
818 1816 943 1891 „consul
953 1812 1038 1874 sortis
1049 1822 1248 1890 constansque
1257 1812 1284 1884 ,”

133 1933 154 1972 a
177 1915 245 1974 Cic.
262 1917 355 1974 Brut.
378 1934 405 1974 c.
426 1917 564 1974 LXVIII.
579 1924 593 1988 ξ
609 1937 667 1994 239
683 1913 842 1992 „statarius
853 1925 883 1974 et
894 1912 1039 1974 sermonis
1049 1913 1154 1990 plenus
1165 1911 1285 1972 orator''

132 2014 315 2090 adpellatur.
348 2015 441 2074 Haud
473 2014 552 2075 enim
583 2015 647 2076 ueri
675 2013 768 2074 simile
794 2025 855 2088 est,
876 2014 1071 2074 Plutarchum
1091 2017 1125 2072 L.
1146 2011 1285 2071 Pisonem

133 2111 230 2190 Frugi
251 2132 312 2172 cos.
338 2134 404 2191 133,
425 2113 577 2174 annalium
600 2114 794 2193 scriptorem,
814 2112 975 2190 unicuique
994 2121 1115 2185 notum,
1138 2109 1286 2170 inanimo

132 2209 276 2270 habuisse
314 2231 464 2290 quemque
494 2212 558 2291 ipse
589 2213 662 2272 citat
693 2214 788 2274 Num.
812 2233 859 2272 21.
893 2213 1075 2289 Quanquam
1096 2211 1284 2290 ignoramuS,

133 2331 200 2387 quo
230 2329 311 2372 anno
341 2310 391 2371 hic
422 2312 460 2372 de
481 2312 545 2373 uita
565 2311 716 2390 migrarit,
738 2314 844 2391 procul
865 2310 959 2372 dubio
980 2310 1011 2370 in
1031 2311 1186 2371 annalibus
1208 2311 1284 2385 suis,

133 2429 214 2487 quos
236 2408 358 2487 quidem
383 2412 422 2471 ab
442 2413 516 2471 urbe
537 2412 660 2472 condita
680 2431 775 2488 usque
796 2413 836 2471 ad
857 2429 910 2471 sua
930 2409 1023 2487 ipsius
1043 2420 1181 2489 tempora
1192 2410 1285 2472 conti-

133 2508 284 2584 nuauedt,
305 2511 416 2570 bellum
437 2530 497 2571 non
519 2510 649 2589 tetigerit
670 2510 850 2572 Marianum.
861 2513 941 2570 Nam
951 2530 1007 2589 pro
1018 2520 1101 2572 certo
1112 2512 1284 2571 habendum

133 2618 191 2682 est,
223 2607 363 2668 Pisonem
394 2619 464 2670 aute
495 2609 626 2670 Marium
658 2593 811 2671 mortuum
843 2629 916 2670 esse.
948 2609 1010 2668 Hic
1040 2613 1074 2670 L.
1103 2609 1172 2670 Piso
1192 2610 1284 2689 Frugi

133 2707 366 2785 cognominatur
388 2709 548 2770 Censorius
566 2709 626 2791 (eff.
647 2712 780 2770 Drorrrs.
802 2711 904 2788 Antz'q.
926 2711 966 2768 Π.
987 2730 1015 2768 c.
1038 2711 1093 2787 385
1115 2731 1142 2770 c.
1164 2731 1213 2784 40,
1235 2710 1283 2769 ed.

133 2807 265 2881 Reiske,
288 2808 368 2886 Lips
394 2828 488 2885 1774,
518 2811 585 2870 Vol.
610 2812 635 2868 I.
656 2830 685 2888 p.
708 2828 784 2886 3173
809 2830 878 2886 3²0·
901 2845 940 2856 —
961 2811 1048 2868 Pam.
1069 2811 1113 2869 N.
1132 2813 1177 2870 H.
1198 2812 1282 2869 XIII.

135 2925 186 2983 27.
216 2941 253 2950 —
283 2908 453 2967 Causouru.
482 2911 518 2968 de
545 2911 573 2967 d.
595 2929 625 2968 n.
646 2911 750 2978 XVII,
774 2908 822 2969 ed.
845 2911 1048 2987 Havercamp.
1070 2912 1104 2968 L.
1126 2911 1161 2968 B.
1186 2925 1283 2985 1734,

133 3026 164 3082 p.
199 3004 276 3086 87.)‚
309 3005 362 3065 sed
394 3026 506 3065 annum
539 3006 601 3067 eius
633 3026 776 3068 censurae
808 3006 989 3086 ignoramus.
1023 3006 1083 3080 Qui
1113 3007 1203 3086 igitur
1227 3027 1283 3085 pro

133 3108 218 3190 ἀνὴρ
251 3112 388 3189 ἱςορικός
418 3127 487 3165 cum
516 3107 668 3184 Stephano
695 3109 798 3186 legunt
820 3115 901 3192 ἀνὴρ
926 3115 1093 3194 τιμητικός
1115 3105 1165 3187 (cf.
1185 3108 1282 3166 PLur.

141 3215 201 3272 Vit.
226 3214 364 3288 parali,
397 3213 444 3271 ed.
473 3210 617 3285 Simonis,
646 3215 764 3273 Teubn.
790 3217 888 3291 1879,
921 3216 989 3274 Vol.
1011 3216 1050 3273 II.
1071 3215 1143 3273 adn.
1164 3213 1229 3273 crit.
1252 3233 1281 3288 p.

133 3309 222 3391 XVI)
262 3312 297 3371 C.
332 3310 373 3369 illi
407 3309 508 3370 Pisoni
543 3312 722 3371 Plutarcheo
757 3311 838 3372 idem
874 3313 957 3390 quod
994 3315 1029 3373 L.
1060 3311 1160 3372 Pisoni
1191 3312 1282 3390 Frugi

133 3429 303 3488 cognomen
331 3408 475 3470 tribuunt.
504 3410 676 3470 Secundum
705 3413 882 3471 Aucusrru.
921 3413 1007 3488 Calp.
1038 3411 1091 3470 ΝΟ.
1115 3430 1130 3487 7
1154 3412 1188 3471 C.
1211 3411 1280 3473 Piso

133 3529 197 3569 cos
229 3513 266 3586 67
299 3508 376 3569 filius
405 3511 453 3569 uel
481 3528 575 3587 nepos
603 3520 667 3569 erat
696 3513 729 3569 L.
750 3509 866 3571 Pisonis
887 3510 988 3589 Frugi.
1017 3511 1110 3586 Quod
1130 3510 1155 3569 si
1176 3530 1281 3571 uerum

134 3619 227 3682 esset,
258 3608 347 3669 lectio
375 3608 517 3687 Stephani
544 3610 669 3668 fortasse
696 3609 868 3671 emendatio
896 3620 997 3688 posset
1024 3610 1128 3671 haberi
1155 3606 1195 3671 ab
1222 3610 1280 3684 eis,

134 3709 186 3786 qui
205 3728 325 3769 mecum
347 3709 382 3768 C.
403 3707 542 3768 Pisonem
559 3708 712 3769 Plutarchi
727 3710 857 3770 eundem
872 3731 908 3768 ae
924 3711 958 3770 C.
974 3709 1113 3770 Pisonem
1127 3710 1280 3770 consulem

135 3810 173 3884 67
195 3805 284 3867 fuisse
304 3807 529 3867 arbitrarentur.
551 3810 593 3867 At
604 3807 738 3886 opinioni
752 3808 912 3888 Augustini
926 3811 985 3869 hoc
999 3810 1114 3868 obstat:
1131 3810 1165 3870 C.
1179 3808 1280 3869 Pisoni

135 3927 196 3967 cos.
225 3910 262 3982 67
289 3905 523 3985 ascriptoribus
555 3926 710 3984 nunquam
731 3918 967 3987 cognomentum
987 3907 1077 3986 Frugi
1100 3907 1280 3968 adtribuitur

134 4003 324 4085 (mamm,
355 4007 394 4064 ΙΙ.
417 4026 446 4082 p.
469 4026 506 4083 92
529 4016 593 4066 not.
622 4006 682 4085 ²3)·
716 4007 808 4082 Quod
829 4026 902 4067 uero
924 4027 972 4067 me
996 4008 1037 4067 ad
1058 4006 1278 4082 coniecturam,

134 4105 169 4164 C.
189 4104 346 4178 Pisonem,
365 4123 385 4163 a
400 4105 562 4165 Plutarcho
583 4105 754 4179 laudatum,
780 4106 909 4166 eundem
933 4106 1022 4167 luisse
1043 4127 1079 4166 ac
1094 4107 1129 4166 C.
1140 4105 1279 4166 Pisonem

136 4223 196 4263 cos.
219 4208 272 4279 67,
293 4203 419 4264 adduxit
439 4205 498 4264 hoc
519 4213 579 4263 est:
603 4203 692 4265 uideo
713 4225 892 4265 consensum
906 4204 988 4286 inter¹
1005 4208 1097 4267 uerba
1110 4205 1278 4265 Plutarchi:

137 4309 242 4379 Γάιος
277 4303 312 4370 δέ
349 4330 412 4379 τις
448 4308 578 4372 Πείσων
608 4314 638 4363 et
665 4323 718 4379 ea,
749 4324 826 4382 quae
847 4305 885 4365 de
906 4307 1028 4366 consule
1049 4309 1087 4381 67
1110 4305 1277 4365 traduntur.

136 4411 243 4488 Ignota
262 4410 341 4470 enim
366 4420 411 4470 est
430 4409 516 4471 huius
542 4409 626 4490 origo
651 4411 699 4470 uel
724 4410 832 4489 stirps,
849 4431 906 4471 nec
927 4410 1092 4488 quidquam
1115 4409 1186 4471 huic
1207 4430 1278 4471 sane

136 4508 306 4570 commercii
326 4520 390 4569 erat
411 4531 480 4569 curn
500 4510 611 4570 familia
633 4509 734 4589 Frugi.
755 4513 826 4586 Fac,
847 4511 930 4572 illum
941 4510 1071 4572 eundem
1084 4509 1172 4570 fuisse
1186 4520 1277 4591 atque
