3284 5272
207 735 307 787 natus
330 723 485 787 XXVII.
531 725 711 807 Pugnatur
745 725 788 786 ad
816 723 936 786 Aesim
972 722 1114 795 flumen,
1146 725 1205 786 ubi
1231 723 1345 786 confli-

208 852 296 926 gunt
329 839 493 905 Metellus
527 851 562 906 et
597 841 753 906 Carrinas
773 837 809 923 ¹),
842 841 979 922 legatus
1018 839 1192 904 Carbonis.
1240 840 1347 904 Carri-

206 968 287 1021 nate
321 957 505 1040 profligato
535 957 677 1021 finitima
705 958 784 1020 loca
815 977 836 1020 a
866 957 1062 1020 consulibus
1095 957 1139 1018 ad
1166 953 1347 1019 Metellum

181 1088 182 1092 ’
209 1073 376 1137 defecere.

170 1193 175 1204 '
252 1187 413 1271 Sequitur
444 1189 561 1252 clades
589 1187 820 1252 Marianorum
847 1186 959 1252 Mario
987 1189 1074 1260 duce
1102 1189 1146 1250 ad
1173 1181 1347 1269 Sacripor·

206 1313 294 1380 tum,
318 1305 410 1387 quod
440 1303 503 1368 fuit
534 1305 666 1368 initium
695 1323 897 1386 magnarum
929 1305 1160 1368 calamitatum
1184 1304 1256 1366 eius
1278 1303 1347 1367 fac·

206 1420 316 1483 tionis.
363 1419 491 1501 Copiae
522 1419 623 1482 Marii
653 1421 777 1502 partim
811 1420 855 1482 ad
878 1418 1012 1484 Sullam
1042 1420 1223 1494 transiere,
1253 1419 1347 1501 quin-

207 1556 275 1618 que
308 1555 434 1617 nempe
470 1537 628 1599 cohortes
662 1544 698 1598 et
732 1537 820 1598 duae
854 1537 1006 1618 equitum
1040 1546 1189 1611 turmae,
1223 1536 1347 1617 partim

207 1651 412 1734 profligatae
446 1653 600 1733 petiuere
634 1653 821 1717 Praeneste
856 1652 940 1736 fuga
971 1651 1088 1717 effusa.
1141 1653 1347 1716 Intromissis

208 1776 323 1831 autem
345 1767 594 1850 refugientibus
621 1769 738 1850 primis
762 1767 861 1833 Sulla
883 1769 1086 1832 nouissimos
1107 1770 1274 1852 urgebat,
1299 1769 1347 1832 ita

208 1894 246 1946 ut
283 1883 413 1946 Marius
458 1883 575 1948 clausa
612 1895 712 1968 porta
742 1885 824 1949 fune
862 1887 896 1948 in
934 1887 1070 1949 moenia
1108 1887 1348 1950 subducendus

210 2009 310 2063 esset.
364 2001 529 2063 Metellus
565 2001 670 2064 alium
705 2003 895 2066 exercitum
929 2002 1011 2065 uicit
1046 2001 1210 2066 Carbonis
1241 2011 1348 2064 trans·

209 2115 367 2178 euntibus
411 2126 491 2188 tunc
528 2137 664 2199 quoque
699 2119 786 2180 inter
823 2137 977 2200 pugnam
1012 2118 1161 2199 quinque
1201 2117 1347 2180 cohorti·

209 2232 275 2293 bus
307 2232 352 2294 ad
386 2229 556 2295 Sullanos.
601 2232 788 2314 Pompeius
818 2233 985 2297 Marcium
1009 2233 1054 2294 ad
1076 2229 1204 2296 Senam
1227 2230 1249 2312 ²)
1271 2251 1347 2313 pro·

208 2379 417 2392 m*—

209 2459 314 2518 Aucr.
334 2459 369 2517 de
390 2459 450 2516 uir.
465 2459 509 2516 ill.
525 2457 576 2540 68)
590 2457 721 2519 Marium
735 2461 851 2520 huncce
865 2459 1017 2521 Iuniorem
1033 2461 1067 2520 C.
1076 2457 1166 2518 Marii
1186 2456 1348 2518 aduersarii

209 2556 306 2616 Sullae
333 2555 425 2616 filium
449 2555 537 2616 fuisse
568 2557 758 2618 narrantibus
786 2579 862 2620 unus
882 2558 1039 2636 Appianus
1060 2556 1134 2618 dicit
1154 2557 1238 2635 quod
1258 2576 1349 2634 supra

209 2654 311 2732 posui,
343 2665 373 2715 et
405 2654 527 2732 quidem
558 2657 616 2718 hoc
647 2655 737 2718 unico
775 2659 852 2718 loco.
888 2661 966 2718 Aru.
998 2660 1031 2728 Ι,
1066 2660 1104 2717 6ο
1136 2656 1229 2717 filium
1259 2655 1349 2716 Marii

208 2765 346 2814 numerat
366 2754 442 2815 inter
464 2774 532 2830 eos,
554 2755 604 2833 qui
626 2775 645 2814 a
665 2756 745 2816 Sulla
765 2757 865 2817 hostes
886 2757 929 2817 rei
943 2756 1079 2834 publicae
1101 2755 1280 2816 iudicantur.
1302 2755 1348 2814 Id.

208 2854 239 2927 I,
261 2855 310 2926 62,
332 2853 421 2928 dicit,
444 2853 537 2913 filium
551 2853 640 2914 Marii
654 2853 745 2931 ipsius
766 2874 836 2916 eum
852 2855 966 2916 Granio
987 2865 1078 2933 atque
1089 2853 1227 2929 caeteris,
1242 2853 1294 2932 qui
1309 2853 1348 2914 ad
1397 2925 1399 2928 ¹

210 2951 415 3030 Hiempsalem
439 2955 539 3013 Roma
562 2954 754 3032 aufugerant,
776 2953 854 3032 patri
875 2955 998 3016 obuium
1019 2955 1131 3014 factum
1152 2973 1215 3014 esse
1229 2963 1348 3031 praeter

208 3050 278 3110 litus
302 3051 422 3112 Africae
443 3051 643 3130 nauigantem.
686 3054 832 3130 Loquitur
854 3053 976 3130 quidem
999 3055 1076 3113 Aru.
1099 3056 1130 3128 I,
1153 3055 1209 3131 65,
1231 3053 1269 3112 de
1290 3051 1348 3112 alio

210 3151 244 3210 C.
267 3151 381 3226 Mario,
403 3151 455 3230 qui
477 3171 546 3212 cum
571 3153 606 3212 C.
628 3151 753 3213 Milonio
774 3164 804 3213 et
827 3154 865 3228 Q.
887 3153 1018 3214 Sertorio
1038 3153 1079 3213 ad
1100 3151 1244 3225 Cinnam,
1266 3161 1350 3211 extra

209 3251 314 3311 urbem
344 3249 480 3312 homines
517 3253 557 3312 ad
586 3251 785 3312 defectionem
821 3252 1045 3325 sollicitantem,
1074 3250 1268 3330 confugisset,
1296 3250 1349 3312 sed

209 3347 368 3426 quominus
388 3349 469 3408 hunc
488 3368 558 3410 cum
580 3349 640 3410 filio
662 3351 697 3411 C.
719 3350 808 3410 Marii
829 3349 993 3412 aduersarii
1013 3349 1111 3410 Sullae
1132 3349 1350 3410 confundamus

210 3447 348 3526 prohibet
369 3468 439 3509 cum
466 3458 559 3509 status
587 3468 688 3509 rerum
708 3449 769 3530 (hic
796 3449 871 3509 alius
895 3449 1009 3508 Marius
1030 3458 1093 3510 erat
1115 3457 1250 3522 senator,
1272 3449 1349 3506 ΑΡΡ.

140 3577 146 3582 -
209 3547 266 3622 1.1.;
288 3546 392 3621 Marii,
422 3557 507 3625 pater
538 3558 568 3606 et
596 3547 685 3623 filius,
719 3558 792 3608 tunc
811 3549 948 3608 nondum
974 3548 1005 3607 in
1029 3547 1114 3607 Italia
1138 3544 1250 3627 erant),
1285 3556 1349 3606 turn

211 3645 380 3704 Drumanni
406 3644 584 3721 auctoritas,
616 3667 705 3724 quem
734 3647 794 3708 uid.
823 3648 881 3707 hac
909 3648 947 3708 de
968 3665 1000 3707 re
1021 3648 1059 3707 ΙΙ.
1082 3667 1112 3724 p.
1136 3649 1192 3720 461
1215 3654 1278 3705 not.
1301 3661 1350 3722 97.

211 3744 257 3804 Cf.
288 3743 484 3819 Scuwurou„
513 3745 592 3821 App.
623 3748 677 3806 III.
710 3767 738 3824 p.
773 3767 828 3824 331
853 3747 955 3806 adnot.
987 3747 1027 3806 ad
1058 3748 1149 3822 Hisp.
1174 3764 1246 3819 100,
1269 3753 1298 3804 et
1320 3764 1349 3821 p.

214 3860 269 3918 711
293 3844 395 3905 adnot.
417 3844 458 3903 ad
478 3846 520 3902 B.
545 3846 578 3904 C.
600 3846 624 3903 I.
648 3847 697 3922 65.
921 3841 926 3849 ’

133 3939 136 3946 '
260 3941 280 4024 ¹)
310 3945 383 4002 Erat
414 3944 448 4004 C.
480 3941 586 4002 Albius
618 3943 772 4018 Carrinas,
815 3945 876 4004 dux
910 3942 996 4004 unius
1029 3942 1212 4003 exercituum
1244 3940 1350 4015 trium,

211 4053 317 4102 contra
343 4061 418 4118 quos
445 4040 589 4118 Pompeio
614 4044 810 4120 pugnandum
838 4053 902 4102 erat
930 4042 959 4101 in
989 4041 1116 4116 Piceno,
1138 4051 1299 4118 antequam
1320 4059 1350 4099 se

212 4161 282 4210 cum
303 4141 383 4200 Sulla
401 4139 583 4218 coniungere
603 4150 704 4217 posset
711 4163 720 4215 ;
742 4141 779 4200 cf.
802 4143 979 4214 Dauunuu,
1002 4143 1053 4199 IV.
1076 4160 1107 4217 p.
1129 4157 1197 4216 3²7·

255 4239 281 4320 ²)
302 4248 374 4324 περὶ
409 4239 505 4308 πόλιν
541 4247 654 4322 Σήνας
679 4240 769 4299 habet
790 4243 866 4299 App,
887 4242 911 4300 I.
934 4241 989 4314 88;
1011 4238 1092 4298 haud
1110 4236 1200 4298 dubie
1214 4238 1253 4296 de
1274 4237 1352 4296 Sena

213 4346 343 4421 Gallica,
364 4367 425 4408 non
447 4347 485 4406 de
507 4343 584 4406 Sena
604 4345 634 4405 in
656 4345 776 4406 Etruria
797 4344 992 4424 cogitandum
1013 4353 1067 4404 est.
1090 4344 1135 4404 Cf.
1158 4343 1349 4415 scurrulam,

213 4448 293 4523 App.
315 4449 426 4524 111‚p.
452 4449 509 4522 716
531 4447 570 4506 ad
590 4446 620 4505 h.
641 4447 660 4505 l.
683 4455 713 4506 et
733 4445 774 4505 id.
797 4447 858 4520 III,
880 4465 909 4522 p.
933 4460 989 4521 377
1012 4445 1052 4504 ad
1073 4441 1208 4503 Hannib.
1234 4459 1281 4518 52.
1303 4442 1351 4499 De

214 4546 310 4605 forma
330 4545 435 4622 plurali
456 4543 602 4634 (Σήνας)
625 4545 662 4604 cf.
685 4545 862 4606 Scuwuofl.
885 4543 957 4603 ibid.
