3286 5272
842 555 914 612 .24

369 727 404 791 C.
431 748 481 806 50.
506 725 604 790 Sulla
627 726 824 809 profligauit
846 726 884 789 L.
901 725 1179 809 Cluentium‚qui
1189 737 1306 790 tamen
1320 729 1460 806 deinde,

322 843 458 906 auxiliis
487 841 628 907 Gallicis
652 853 787 924 ουτως,
813 863 927 906 rursus
950 863 1028 906 cum
1051 841 1149 909 Sulla
1173 853 1287 907 castra
1309 844 1461 907 contulit.

323 959 442 1024 Gallus
476 960 603 1022 inmani
625 969 755 1023 statura
777 968 944 1040 prouocat
966 961 1011 1021 ad
1033 959 1207 1042 singulare
1236 970 1408 1023 certamen
1438 982 1458 1022 e
1525 1017 1527 1020 .
1568 993 1570 998 ·

322 1076 491 1140 Romanis
522 1075 684 1156 aliquem;
717 1075 832 1156 prodit
866 1074 1013 1138 Numida
1037 1085 1188 1139 staturae
1212 1076 1379 1158 exiguae,
1404 1077 1461 1157 qui

322 1192 460 1257 Gallum
484 1190 628 1255 conficit.
662 1192 752 1254 Turn
776 1189 868 1255 Galli
891 1190 1071 1254 confestim
1096 1200 1198 1274 terga
1221 1200 1373 1262 uertunt,
1397 1211 1461 1254 nec

322 1307 444 1390 reliqui
467 1306 545 1370 loco
569 1327 631 1370 suo
654 1316 792 1370 manent
808 1305 1009 1370 Cluentiani.
1034 1305 1129 1388 Quos
1150 1305 1248 1370 Sulla
1262 1316 1463 1388 persecutus

320 1425 355 1487 in
377 1425 452 1506 ipsa
475 1423 561 1506 fuga
590 1424 635 1486 ad
659 1423 775 1485 XXX
798 1423 890 1485 milia
914 1423 1054 1497 cecidit,
1079 1423 1169 1486 circa
1193 1423 1327 1485 moenia
1350 1422 1461 1485 Nolae

323 1541 391 1602 alia
414 1539 491 1602 XX
515 1539 627 1614 milia,
651 1548 686 1602 et
708 1539 743 1601 in
765 1539 819 1602 his
842 1538 1035 1603 Cluentium
1059 1538 1192 1602 fortiter
1214 1547 1435 1621 pugnantem.

368 1655 404 1719 C.
430 1676 481 1734 51.
505 1653 605 1719 Sulla
626 1656 661 1718 in
684 1655 848 1736 Hirpinos
870 1656 978 1718 mouit
1001 1664 1036 1718 et
1058 1654 1275 1720 Aeculanum
1299 1655 1463 1737 oppidum

323 1772 422 1852 cepit.
446 1770 605 1852 Reliquis
627 1791 730 1852 porro
754 1771 888 1853 oppidis
912 1771 1022 1853 captis
1056 1771 1166 1833 omnis
1182 1771 1330 1852 populus
1349 1769 1463 1851 Hirpi-

323 1907 444 1950 norum
466 1887 502 1948 in
524 1885 628 1949 fidem
643 1896 803 1968 receptus
819 1896 880 1950 est.
897 1886 987 1949 Hinc
1003 1887 1038 1949 in
1054 1884 1231 1949 Samnium
1246 1886 1341 1949 bello
1356 1896 1465 1949 trans·

325 2004 396 2066 lato
442 2002 598 2065 Bouiano
633 2000 731 2092 Sulla
754 2003 882 2085 potitus
906 2011 966 2065 est.
1013 2000 1146 2082 Quibus
1177 2003 1280 2064 rebus
1302 2022 1365 2082 per
1387 2022 1464 2064 eam

325 2127 491 2183 aestatem
515 2138 679 2200 prospere
702 2118 810 2200 gestis
841 2119 904 2180 sub
928 2118 1077 2180 hiemem
1102 2119 1146 2180 ad
1170 2118 1382 2180 consulatum
1405 2137 1465 2199 pe·

325 2236 466 2299 tendum
488 2236 523 2297 in
545 2237 666 2298 urbem
689 2244 742 2298 est
764 2233 945 2316 profectus

369 2351 424 2414 De
460 2351 616 2414 omnibus
639 2351 706 2424 his,
730 2369 818 2431 quae
850 2370 895 2412 ex
913 2349 1084 2431 ¹Appiano
1107 2350 1230 2422 citaui,
1250 2334 1338 2412 nihil
1360 2350 1466 2412 habet

325 2468 547 2538 Plutarchus
588 2467 646 2549 qui
674 2477 806 2530 tantum
838 2467 935 2540 dicit,
961 2464 1046 2530 Sall.
1071 2472 1106 2540 6,
1130 2465 1260 2529 bellum
1283 2466 1465 2548 aliquando

325 2582 428 2646 fuisse
463 2583 606 2657 sociale,
640 2584 734 2664 quod
757 2583 815 2645 diu
838 2582 988 2664 gliscens
1011 2583 1150 2644 tandem
1173 2591 1292 2644 contra
1314 2581 1465 2644 Romam

327 2699 495 2764 exarserit
520 2707 555 2761 et
582 2698 713 2761 bellum
740 2698 929 2779 paullisper
943 2698 1128 2761 inhibuerit
1146 2697 1257 2760 ciuile.
1281 2697 1466 2760 Praeterea

326 2812 473 2894 legimus
496 2831 607 2893 pauca
629 2812 737 2873 haece
762 2810 855 2873 Mar.
881 2831 936 2889 32:
963 2803 1028 2898 „rh
1055 2803 1117 2902 γὰρ
1146 2803 1370 2900 μαχιμώτατα
1397 2810 1464 2872 τῶν

328 2922 514 3018 „lichaon
543 2921 652 2992 ἐθνῶν
679 2921 732 2991 καλ
762 2921 1096 3021 πολυανθρωπότατα
1131 2923 1215 2994 κατὰ
1242 2931 1303 3020 τῆς
1336 2921 1465 3020 Ρὼμης

328 3046 538 3140 „condensat
566 3043 618 3113 καλ
646 3045 758 3140 μικρὸν
782 3044 924 3140 ἐδέησαν
949 3047 1088 3140 συγχέαι
1114 3045 1175 3140 τὴν
1203 3045 1402 3140 ἡγεμονίαν,
1426 3044 1464 3112 οὐ

328 3151 452 3258 γμόνον
467 3163 579 3242 ὅπλοις
593 3165 766 3261 ἐρρωμένα
780 3164 833 3233 καλ
847 3162 1012 3260 σώμασιν,
1021 3164 1107 3235 ἀλλὰ
1120 3165 1173 3234 καλ
1186 3165 1331 3258 τόλμαις·
1343 3190 1465 3263 ςραττγ-

329 3291 420 3379 ,,γῶν
447 3284 499 3354 καλ
526 3283 689 3380 δεινάτησι
716 3281 919 3381 χρησάμενα
945 3283 1135 3378 θαυμαςαῖς
1161 3285 1214 3355 καὶ
1245 3283 1465 3362 άντιπάλοις.”

370 3405 550 3486 Appianus
561 3424 623 3467 nos
635 3403 795 3486 ignorare
806 3405 930 3479 uoluit,
943 3425 1031 3486 quae
1047 3405 1253 3468 Plutarchus
1265 3403 1358 3467 Mar.
1376 3425 1415 3484 32
1430 3413 1465 3468 et

328 3520 413 3586 Sull.
438 3526 457 3584 6
481 3529 596 3583 narrat
618 3522 661 3582 de
674 3529 817 3601 tropaeo
834 3540 875 3583 ac
888 3522 931 3583 de
944 3541 1047 3583 aureo
1060 3520 1227 3602 Iugurtha
1238 3521 1272 3582 in
1286 3519 1464 3602 Capitolio.

327 3635 415 3702 Silet
437 3657 573 3719 quoque
600 3637 644 3699 de
667 3637 889 3699 matrimoniis
912 3634 1030 3701 Sullae
1054 3646 1156 3720 atque
1179 3638 1223 3699 de
1246 3637 1420 3720 prodigiis,

370 3754 477 3835 Apud
511 3752 733 3816 Plutarchum
769 3751 867 3817 Sulla
901 3774 1112 3836 magnopere
1135 3753 1307 3824 laudatur,
1336 3753 1466 3816 Marius

327 3868 510 3955 admodum
541 3866 769 3948 uituperatur;
800 3887 829 3929 e.
860 3887 894 3950 g.
919 3865 1005 3931 Sall.
1030 3873 1067 3930 6:
1104 3856 1256 3958 ,Μάριος
1284 3861 1343 3954 μὲν
1371 3860 1464 3930 οὐδὲν

331 3979 520 4075 „daedalini
553 3980 639 4072 μέγα
666 3977 819 4075 δονηθελς
848 4023 892 4031 -
914 3978 1117 4058 -Σύλλας
1138 3981 1174 4051 δὲ
1200 3980 1309 4051 πολλὰ
1341 3978 1465 4078 δράσας

330 4099 429 4195 „dha
455 4099 554 4192 λόγου
582 4097 678 4177 δόξαν
705 4098 805 4194 ἔσχεν
833 4100 998 4195 ἡγεμόνος
1027 4098 1204 4193 μεγάλοο.”

374 4225 459 4291 Sull.
479 4245 514 4305 7:
540 4213 693 4315 ,Μάριος
708 4219 771 4289 ὑπο
786 4218 982 4312 δοξομανίας
1000 4219 1052 4289 καλ
1066 4220 1266 4315 φιλοτιμίας,
1286 4220 1465 4318 ἀγηράτων

328 4337 462 4433 παθῶν,
486 4339 571 4435 ἀνὴρ
585 4343 635 4433 rip
649 4362 685 4407 τε
699 4335 830 4431 σώματι
845 4337 947 4437 βαρὺς
961 4339 1013 4408 καλ
1031 4346 1101 4417 ταῖς
1119 4340 1259 4435 ἔναγχος
1278 4340 1466 4436 ἀπειρηκὼς

329 4457 1466 4557 ςρατείαιςδιὰγῆραςέκδήμωνκαλδιαποντίωνπολέμωνἐφιέμενος.”

373 4585 465 4662 Mar.
491 4605 549 4661 33:
584 4577 704 4671 ,,οὖτος
732 4580 749 4646 ὁ
783 4575 1024 4674 (συμμαχικὸς)
1060 4577 1205 4670 πόλεμος
1233 4622 1281 4629 -
1308 4622 1356 4630 -
1386 4578 1464 4649 ὅσον
