3286 5272
725 529 763 587 37

174 711 227 770 tes
270 701 374 776 enim,
413 723 479 765 non
522 704 705 784 populares
735 701 845 776 fuere,
877 701 949 784 qui,
980 704 1194 783 praeclarum
1229 705 1313 766 illud

174 814 287 879 Ennii:
314 817 483 892 „moribus
505 816 658 902 antiquis
678 839 733 881 ras
754 823 824 882 stat
843 819 999 882 Romana
1023 817 1193 903 utrinqu?
1205 821 1312 895 obliti,

173 933 347 997 ciuitatem
382 935 487 998 exitio
521 936 739 999 tradiderunt.
777 935 855 997 Iure
889 936 1078 1018 meritoque
1112 937 1194 1000 dicit
1225 937 1313 999 Dru·

172 1071 316 1113 mannus
332 1047 369 1132 1);
397 1053 499 1127 „Wie
522 1053 655 1115 iiberall
672 1062 864 1116 entarteten
879 1053 934 1115 die
959 1053 1169 1116 Varnelzmen
1185 1065 1311 1129 zuerst;

175 1167 249 1241 „die
272 1165 490 1231 Selbstsucht
511 1169 746 1250 bemiichtigte
777 1169 850 1230 sich
873 1169 981 1242 ihrer,
1006 1169 1075 1230 und
1097 1189 1161 1230 nur
1185 1189 1243 1230 um
1262 1169 1311 1232 sie

177 1303 236 1357 „zu
258 1283 481 1366 befriedigen,
506 1283 648 1347 eiferten
672 1283 721 1346 sie
737 1282 791 1344 fiir
805 1284 903 1345 ihren
919 1281 1037 1347 Stand.
1064 1280 1121 1348 Sz'e
1133 1283 1312 1346 erkauften

178 1398 341 1474 „Aemter
363 1419 421 1462 um
444 1400 479 1461 in
500 1401 566 1462 den
582 1400 772 1462 Provinzen
795 1400 938 1474 rauben,
951 1400 1021 1461 und
1036 1401 1189 1473 raubten,
1205 1419 1263 1461 um
1278 1399 1312 1460 in

177 1514 290 1590 „Rom
325 1514 594 1598 fortschwelgen
630 1535 671 1576 zu
701 1514 847 1577 kbnnen.
902 1515 978 1577 Aus
1009 1513 1122 1577 dz'esen
1145 1516 1313 1577 Beamten

110 1654 114 1662 ·
177 1629 324 1704 „bildete
348 1605 421 1693 sich
444 1632 506 1693 der
521 1628 644 1705 Senat3
657 1651 695 1693 er
710 1631 814 1692 nahm
830 1631 891 1692 das
906 1630 1109 1693 Verderben
1126 1631 1160 1692 in
1176 1628 1312 1706 Schutz,

176 1746 274 1821 „weil
308 1765 345 1809 er
379 1747 453 1811 sich
488 1747 648 1829 schuldig
686 1746 808 1822 fiihlte3
843 1767 880 1810 er
912 1747 1013 1810 sollte
1045 1748 1112 1809 den
1144 1745 1312 1811 Gesetzen

176 1862 339 1938 „Ansehn
362 1861 593 1938 verschaffem
616 1863 687 1924 und
700 1863 764 1925 riss
780 1863 842 1924 das
856 1862 1075 1924 Richteramt
1091 1882 1134 1924 an
1150 1863 1238 1937 sich,
1255 1884 1312 1925 um

176 1980 244 2055 „sie
267 1981 473 2042 unwirksam
497 2000 538 2042 zu
561 1980 722 2054 machen3
747 2000 784 2042 er
807 1980 909 2042 sollte
933 1981 999 2042 den
1023 1978 1129 2043 Streit
1148 1981 1209 2042 der
1232 1981 1312 2042 Par-

177 2096 286 2171 „teien
302 2097 527 2178 vergleichen
543 2098 612 2158 und
627 2097 744 2158 wurde
761 2097 813 2159 als
825 2096 1021 2158 Ausschuss
1036 2097 1098 2158 der
1114 2094 1313 2178 Optimaten

175 2213 303 2288 „selbst
325 2213 456 2288 Partei;
480 2213 514 2275 in
536 2213 608 2275 ihm
631 2214 740 2276 lernte
761 2213 823 2275 das
838 2212 934 2274 Volk
949 2210 1074 2276 Gesetz
1098 2213 1168 2292 und
1183 2212 1311 2294 Magis-

175 2337 282 2404 „trate
305 2329 517 2392 verachten.’'

216 2443 310 2507 Talis
343 2454 416 2507 erat
439 2444 588 2507 conditio
611 2444 857 2526 reipublicae,
890 2446 977 2508 tales
1000 2453 1097 2518 erant
1120 2445 1310 2526 optimates

171 2561 209 2623 E.
233 2581 267 2643 g.
291 2547 367 2624 sola
395 2560 548 2624 adferam
578 2561 716 2624 nomina
745 2561 893 2623 consulis
915 2560 952 2622 L.
978 2561 1152 2642 Calpurnii
1178 2562 1312 2624 Pisonis

170 2677 309 2740 Bestiae
333 2678 473 2759 eiusque
497 2677 607 2759 legati
618 2677 666 2739 M.
682 2677 822 2739 Aemilii
844 2675 980 2751 Scauri,
998 2678 1064 2757 qui,
1081 2678 1198 2740 multis
1214 2677 1311 2740 donis

170 2814 192 2855 a
214 2792 382 2876 Iugurtha
405 2795 570 2875 corrupti,
593 2813 716 2875 pacem
740 2813 818 2855 cum
842 2814 884 2855 eo
908 2792 1071 2855 fecerunt.
1132 2831 1134 2838 ‹

216 2910 349 2972 Paucos
373 2919 502 2986 autem,
526 2911 585 2991 qui
607 2910 695 2972 inter
717 2930 777 2972 eos
801 2910 944 2972 uirtutes
967 2910 1128 2973 colebant
1140 2911 1311 2992 antiquas,

168 3025 257 3088 falso
281 3035 316 3088 et
338 3027 461 3088 iniuste
485 3045 603 3088 eorum
619 3027 787 3088 scelerum
804 3026 1026 3106 postulabant
1041 3025 1205 3107 ipsorum,
1222 3046 1310 3106 quae

169 3141 323 3206 fecerant
344 3143 418 3222 ipsi.
466 3141 529 3205 Cui
558 3161 628 3203 non
654 3152 733 3203 ante
765 3142 884 3203 oculos
914 3150 1070 3204 uersatur
1096 3140 1220 3203 nobilis
1251 3142 1310 3204 ille

170 3257 208 3320 P.
231 3257 385 3320 Rutilius
408 3256 539 3331 Rufus,
562 3258 615 3319 uir
636 3276 788 3319 summae
811 3257 1029 3318 innocentiae
1050 3266 1085 3319 et
1107 3257 1309 3332 honestatis

171 3373 243 3454 qui,
271 3373 306 3434 in
328 3372 415 3435 Asia
436 3374 574 3454 legatus
597 3370 638 3454 Q.
663 3372 769 3434 Mucii
792 3369 997 3446 Scaeuolae,
1028 3372 1177 3454 equestri
1201 3373 1310 3435 ordini

172 3490 327 3562 odiosus,
351 3489 509 3570 quoniam
533 3489 792 3570 publicanorum
815 3488 944 3550 iniuriis
960 3486 1063 3550 finem
1086 3489 1250 3570 inponere
1277 3489 1311 3550 in

172 3605 284 3667 animo
318 3605 483 3678 habebat,
518 3606 561 3667 ab
595 3605 663 3667 illis
697 3604 780 3684 ipsis
809 3603 1001 3686 publicanis
1035 3604 1078 3666 de
1114 3606 1310 3686 repetundis

170 3723 378 3803 postulatuS,
413 3723 516 3784 immo
551 3741 634 3784 uero
670 3722 773 3784 etiam
809 3723 988 3784 damnatus
1019 3731 1054 3784 et
1083 3721 1117 3783 in
1153 3721 1310 3784 exsilium

171 3838 292 3900 missus
327 3849 379 3901 est
390 3838 434 3918 ²)?
469 3837 589 3919 Neque
625 3838 792 3900 silendum
825 3846 877 3899 est
901 3839 944 3900 de
970 3837 1010 3918 Q.
1027 3838 1172 3900 Metello
1195 3837 1310 3898 Numi-

220 4135 238 4214 ¹)
260 4137 439 4209 Dnunnnu,
463 4138 501 4194 ΙΙ.
523 4154 552 4211 p.
576 4155 643 4210 433.
794 4191 796 4194 ,
1065 4169 1067 4175 ·

213 4233 239 4312 2)
261 4235 327 4293 CIC.
360 4241 395 4292 de
430 4236 483 4294 Or.
514 4235 538 4291 1.
571 4251 618 4310 53.
654 4253 711 4309 229
723 4255 731 4306 3
763 4235 855 4291 Brut.
876 4235 1065 4311 XXX,115.
1092 4270 1130 4277 —
1155 4237 1221 4293 L1v.
1246 4253 1308 4310 per.

174 4335 264 4392 LXX.
286 4367 327 4376 -
349 4333 435 4391 Dion
459 4333 614 4390 XXXVII.
638 4350 664 4408 5.
687 4368 727 4374 —
745 4334 838 4391 Vnst.
862 4335 909 4406 II,
931 4354 966 4409 13
981 4332 1044 4413 (qui
1055 4332 1199 4392 Rutilium
1212 4332 1309 4391 uirum

172 4451 233 4491 non
261 4431 371 4491 saeculi
399 4431 458 4506 sni,
484 4432 537 4490 sed
564 4430 661 4490 omnis
689 4430 755 4490 aeui
779 4430 927 4508 optimum
947 4431 1081 4513 iudicat).
1103 4468 1141 4475 -—
1163 4434 1244 4505 Dio,
1269 4434 1309 4510 fg.

175 4549 230 4608 97,
252 4531 299 4589 ed.
321 4529 465 4604 Dindorf,
487 4532 603 4590 Teubn.
623 4532 719 4606 1863,
741 4531 808 4589 Vol.
831 4533 854 4588 l.
877 4552 906 4608 p.
922 4550 976 4607 137
994 4551 1036 4608 sq.
1049 4567 1088 4574 —
1101 4531 1196 4592 ORos.
1212 4534 1249 4590 V.
1265 4550 1310 4607 17.
