3284 5272
877 514 915 588 78

329 701 541 798 σφοδρότητα
573 701 625 770 καί
661 699 770 797 βόμην
803 708 848 798 τη
885 701 1061 780 διεξελάσει
1094 701 1252 788 διδόντος,
1290 704 1325 770 αἱ
1357 700 1393 769 δὲ
1426 701 1456 768 ἐκ

328 821 470 920 βραχέος
504 822 638 916 ἀφέσεις
671 819 830 919 ἄπρακτοι
866 822 918 891 καί
954 821 1130 920 ἀμβλεῖαι,
1168 819 1318 917 καθάπερ
1356 818 1456 918 βελῶν

327 938 418 1010 τάσιν
447 940 484 1009 οδ
510 939 692 1038 λαβόντων.
722 939 739 1009 ὃ
766 940 808 1036 δὴ
836 941 888 1010 καί
914 940 988 1010 τότε
1016 947 1082 1018 τοῖς
1112 938 1290 1038 βαρβάροις
1318 939 1456 1035 ἀπήντα·

327 1060 379 1130 καὶ
405 1059 446 1130 τά
472 1065 590 1157 πρῶτα
616 1065 683 1129 τῶν
711 1058 871 1157 ἁρμάτων
900 1061 1011 1157 ἀργῶς
1039 1059 1280 1152 ἐξελαυνόμενα
1297 1059 1350 1128 καί
1368 1083 1459 1154 προς-

327 1181 487 1249 πίπτοντα
513 1177 653 1276 νωθρῶς
681 1177 914 1276 ἐκκρούσαντες
938 1182 968 1248 οἱ
994 1177 1146 1272 Ρωμαῖοι
1172 1179 1257 1271 μετὰ
1275 1179 1391 1276 κρότου
1412 1177 1460 1246 καί

328 1299 471 1392 γέλωτος
510 1298 595 1369 ἀλλα
637 1296 740 1395 ᾒτουν
782 1296 890 1396 ὥςπερ
927 1297 1085 1369 εἰώθασιν
1113 1301 1146 1370 ἐν
1183 1307 1253 1377 ταῖς
1281 1297 1461 1395 θεατρικαῖς

328 1417 584 1518 ἱπποδρομίαις.”

371 1539 453 1602 Aue.
478 1561 517 1618 42
552 1540 595 1602 de
619 1540 793 1622 quadrigis
824 1541 880 1602 uel
913 1540 1067 1602 curribus
1090 1540 1194 1603 etiam
1217 1540 1374 1621 loquitur,
1403 1540 1462 1600 sed

329 1656 429 1718 aliter
453 1657 478 1737 ί).

372 1772 461 1835 Tum
484 1771 584 1835 Puuu.
614 1793 649 1852 17
676 1772 795 1847 tradit,
819 1773 905 1835 duos
929 1771 1186 1836 Chaeronenses
1210 1772 1312 1846 uiros,
1337 1771 1462 1833 Homo-

329 1887 479 1949 loichum
504 1897 538 1950 et
554 1887 822 1962 Anaxidamum,
846 1888 982 1951 uenisse
998 1889 1167 1962 dicenteS,
1183 1909 1220 1950 se
1237 1887 1373 1960 callem,
1389 1888 1462 1949 bar-

329 2003 420 2065 baris
443 2003 617 2085 ignotum,
640 2003 791 2067 indicare
814 2024 934 2086 posse,
958 2025 1026 2086 quo
1050 2023 1247 2066 accessuros
1270 2013 1372 2084 atque
1387 2003 1463 2064 inde

328 2117 420 2182 facto
450 2120 581 2201 impetu
603 2121 719 2183 hostes
743 2130 802 2183 aut
825 2121 918 2184 saxis
948 2122 1128 2183 obruturos
1152 2130 1210 2184 aut
1232 2121 1267 2182 in
1289 2119 1463 2202 planitiem

328 2235 538 2316 depulsuros.
585 2235 697 2317 Quam
732 2256 805 2298 rem
836 2235 937 2300 Sulla
967 2235 1114 2300 Gabinio
1137 2236 1190 2299 his
1212 2236 1292 2298 uiris
1314 2235 1463 2298 testimo·

328 2352 420 2413 nium
442 2348 648 2414 fortitudinis
670 2350 817 2434 fideique
840 2351 973 2415 ferente
996 2353 1141 2434 adgredi
1162 2352 1275 2417 iussit..

373 2467 402 2528 E
426 2486 499 2548 cap.
524 2472 562 2529 18
586 2468 656 2530 init.
673 2468 832 2548 adparet,
856 2469 973 2530 hostes
990 2488 1031 2530 eo
1055 2468 1158 2530 modo
1174 2488 1211 2530 re
1227 2487 1310 2529 uera
1326 2467 1463 2529 circum·

329 2581 428 2644 datos
456 2601 548 2656 esse,
584 2601 651 2662 quo
682 2581 774 2644 facto
809 2573 974 2674 ηθόρυβος
1001 2575 1043 2671 ἦν
1070 2573 1174 2652 πολὺς
1199 2575 1251 2644 καί
1280 2575 1369 2670 φυγὴ
1397 2579 1461 2644 τῶν

330 2692 509 2793 βαρβάρων
536 2694 588 2764 καὶ
616 2695 718 2790 φόνος
746 2695 799 2765 ὑπ’
827 2695 984 2792 ἀλλήλων
1013 2697 1030 2765 ὁ
1056 2694 1198 2774 πλεῖςος.
1231 2695 1268 2764 οὐ
1299 2694 1361 2792 γὰρ
1390 2695 1463 2764 ὑπέ-

329 2838 463 2908 μειναν,
483 2813 568 2884 ἀλλὰ
586 2814 670 2884 κατὰ
687 2821 837 2911 πρανοῦς
856 2815 1033 2912 φερόμενοι
1051 2822 1119 2893 τοῖς
1136 2840 1172 2884 τε
1191 2813 1306 2912 δόρασι
1322 2816 1463 2912 περιέπι-

328 2959 409 3003 πτον
431 2933 523 3004 αὐτοὶ
536 2941 603 3012 τοῖς
622 2937 748 3004 ἑαυτῶν
768 2935 821 3004 καὶ
834 2935 1090 3032 κατεκρήμνιζον
1106 2933 1273 3012 ὠθοῦντες
1287 2934 1462 3032 ἀλλήλους,

330 3052 460 3124 ἄνωθεν
482 3055 692 3146 ἐπικειμένων
719 3061 785 3123 τῶν
815 3054 983 3148 πολεμίων
1016 3056 1067 3125 καί
1093 3053 1135 3125 τά
1162 3054 1270 3148 γυμνὰ
1288 3055 1463 3148 παιόντων7

330 3159 397 3255 άςε
423 3174 615 3272 τριςχιλίους
641 3181 753 3244 πεσεῖν
779 3175 854 3272 περί
881 3179 918 3245 τδ
946 3171 1112 3272 Θούριον.”

373 3294 485 3357 Etiam
509 3295 587 3358 silet
609 3295 790 3376 Appianus
814 3295 858 3357 de
880 3295 1045 3376 tropaeis,
1069 3315 1157 3376 quae
1185 3292 1299 3369 Sulla,
1322 3315 1366 3356 ne
1396 3295 1464 3356 uic·

328 3410 435 3473 toriae
470 3410 634 3473 memoria
669 3420 907 3486 manesceret,
947 3411 1105 3493 exegerit
1140 3411 1247 3493 (Ρπυτ.
1288 3432 1325 3488 19
1362 3410 1465 3490 extu).

329 3521 452 3585 Altero
475 3533 589 3586 autem
613 3505 781 3605 inscripsit
804 3532 961 3604 tropaeo:
987 3513 1101 3615 ,,Ἇρη
1135 3517 1200 3586 καί
1235 3513 1365 3613 Νίκην
1398 3515 1466 3585 καλ

329 3632 571 3733 Ἀφροδίτην
600 3636 646 3715 ὡς
665 3636 728 3732 οὐχ
746 3637 846 3732 ἧττον
866 3635 1002 3731 εὐτυχίᾳ
1024 3633 1243 3733 κατορθώσας
1262 3636 1285 3732 ἢ
1305 3635 1465 3731 δεινότητι

329 3756 381 3826 καί
408 3754 542 3849 δυνάμει
569 3758 624 3826 τδν
648 3753 828 3849 πόλεμον.”

373 3876 533 3939 Alterum
556 3885 735 3958 tropaeum
758 3876 793 3937 in
815 3875 945 3938 uertice
976 3877 1089 3957 posuit
1112 3875 1231 3938 Thun'i
1254 3875 1297 3937 de
1325 3874 1464 3938 circum-

329 3989 417 4053 datis
440 3990 487 4053 ibi
509 3990 665 4053 barbaris
688 3981 879 4080 γράμμασιν
908 3978 1109 4078 Ἑλληνικοῖς
1129 3984 1347 4078 ἐπισημαῖνον
1369 3979 1465 4073 Ὁμο-

329 4102 441 4199 λόϊχον
468 4104 521 4174 καί
548 4100 756 4195 Ἀναξίδαμον
785 4103 916 4200 ἀριςεῖς.

375 4411 395 4488 ¹)
417 4409 621 4470 verisimiliter
657 4412 736 4486 App.
768 4429 822 4486 per
854 4412 984 4492 ἅρματα
1026 4409 1169 4488 intellegit
1213 4412 1461 4493 δρεπανηφόρα,

329 4515 410 4590 quod
433 4523 532 4572 tamen
554 4515 632 4572 ultro
653 4515 829 4588 adfirmare,
851 4514 928 4574 sicut
951 4518 1034 4574 [ειν
1056 4537 1083 4592 p.
1108 4517 1142 4588 8,
1165 4534 1225 4575 non
1247 4513 1353 4574 ausim.
