3284 5272
896 553 934 610 92

393 724 474 787 APP.
501 746 541 803 54
567 725 685 800 tradit,
709 725 953 788 Mithradatem
974 726 1083 806 ‘cladis
1100 724 1348 789 Orchomeniae
1368 729 1485 790 nuntio

347 841 463 904 audito
498 841 673 904 Archelao
706 863 769 924 per
800 843 933 906 litteras
963 843 1157 917 mandasse,
1184 852 1223 906 ut
1245 844 1341 907 iustis
1372 845 1486 907 condi·

349 957 497 1020 tionibus
532 977 609 1021 cum
643 956 742 1022 Sulla
775 977 898 1040 pacem
931 957 1069 1022 faceret.
1115 959 1203 1021 Tum
1234 959 1428 1023 Archelaus
1451 970 1488 1023 et
1531 999 1537 1016 ·

348 1072 447 1138 Sulla
469 1075 513 1137 ad
527 1075 755 1156 ,conloquium
781 1075 1055 1158 congrediuntur.

394 1191 443 1253 Id.
468 1209 519 1270 55.
547 1189 645 1255 Sulla
668 1192 883 1255 conditiones
900 1212 979 1254 suas
994 1193 1085 1255 dicit.
1108 1192 1303 1256 Archelaus
1318 1193 1490 1274 praesidia

350 1307 488 1371 deducit
507 1308 609 1390 (quod
633 1306 731 1372 Sulla
754 1307 999 1390 postulauerat)
1015 1309 1171 1371 omnibus
1187 1309 1273 1372 locis
1290 1329 1330 1372 ac
1350 1310 1393 1372 de
1409 1329 1487 1372 cae·

350 1424 431 1488 teris
443 1424 692 1488 conditionibus
704 1425 748 1487 ad
765 1423 1009 1488 Mithradatem
1023 1425 1212 1507 perscribit.
1236 1425 1378 1488 Interim
1390 1423 1488 1489 Sulla

347 1541 544 1615 DardanoS,
568 1549 723 1603 caeteros
745 1540 828 1604 uicit
844 1541 1072 1622 regionesque
1085 1559 1202 1604 eorum
1218 1542 1402 1623 populatus
1423 1551 1486 1604 est.

393 1656 442 1718 Id.
461 1661 511 1734 56.
535 1655 660 1740 Legati
683 1677 704 1717 a
726 1677 811 1740 rege
826 1657 967 1719 ueniunt
982 1677 1051 1719 non
1066 1677 1148 1720 uero
1164 1658 1208 1720 ad
1224 1677 1347 1739 pacem
1368 1665 1487 1738 peten-

350 1774 446 1848 dam,
481 1773 568 1836 sicut
602 1773 785 1854 Eutropius
815 1783 930 1836 narrat
967 1774 1043 1855 (hoc
1075 1774 1165 1836 enim
1196 1773 1388 1836 Archelaus
1418 1774 1488 1836 iam

350 1889 502 1970 fecerat),
527 1890 587 1952 sed
607 1891 652 1952 ad
674 1890 868 1972 probandas
890 1889 948 1952 uel
963 1910 1032 1952 non
1046 1891 1242 1972 probandas
1259 1890 1487 1964 conditioneS,

350 2025 434 2088 quas
465 2003 563 2069 Sulla
592 2006 833 2088 proposuisset.
879 2005 1033 2069 Probant
1063 2015 1177 2068 autem
1201 2007 1321 2069 omnia.
1368 2003 1488 2069 Solam

350 2122 525 2203 excipiunt
564 2122 839 2206 Paphlagoniam
879 2122 1111 2203 adiciuntque,
1149 2143 1270 2204 regem
1308 2123 1487 2204 aequiores

349 2239 593 2319 inpetraturum
617 2239 828 2301 conditiones
851 2259 872 2300 a
894 2237 1054 2300 Fimbria.

391 2354 482 2416 Tum
505 2351 618 2428 Sulla,
641 2355 734 2416 haud
748 2362 786 2416 ut
809 2354 900 2435 apud
915 2353 1130 2435 Eutropium,
1154 2354 1344 2434 respondit,
1361 2374 1398 2416 se
1417 2374 1488 2416 non

347 2470 448 2532 aliter
481 2470 638 2532 daturum
660 2490 799 2551 pacem,
823 2470 888 2532 nisi
915 2489 978 2532 rex
1003 2469 1159 2531 omnibus
1182 2489 1270 2549 quae
1306 2489 1487 2551 expugna-

346 2587 453 2648 uisset
474 2586 601 2649 relictis
625 2588 670 2648 ad
693 2606 837 2668 regnum
859 2585 1005 2648 redisset
1026 2605 1139 2660 suum;
1167 2605 1287 2647 uerum
1311 2583 1408 2649 Sulla
1437 2586 1487 2647 in·

348 2703 508 2784 dignatus
543 2703 735 2765 conlatione
770 2703 836 2765 ista
864 2701 1058 2782 respondit,
1091 2710 1127 2764 et
1148 2699 1334 2763 Fimbriam
1356 2721 1488 2782 poenas

349 2820 523 2893 daturum,
554 2827 589 2881 et
611 2838 648 2881 se
671 2819 783 2900 ipsum
805 2838 908 2900 quam
930 2818 1076 2899 primum
1099 2817 1134 2878 in
1156 2816 1243 2879 Asia
1269 2827 1488 2898 praesentem

348 2936 514 3009 uisurum,
537 2955 703 3016 pacemne
727 2956 771 2997 an
793 2935 924 2997 bellum
948 2943 1090 3016 cuperet
1112 2933 1347 2996 Mithradates

393 3050 557 3114 Iordanus
573 3047 594 3132 ¹)
618 3053 661 3113 ad
685 3053 768 3113 Aer.
794 3056 834 3128 56
863 3051 990 3133 „legati
1013 3071 1034 3112 a
1058 3049 1268 3114 Mithradate
1292 3052 1336 3112 ad
1354 3047 1488 3113 Sullam

348 3170 533 3233 mittuntur.
561 3169 714 3232 Romani
736 3169 771 3231 in
784 3168 905 3231 Asiam
928 3167 1119 3232 transeunt’'
1142 3168 1238 3230 dicit:
1258 3168 1375 3242 ,huius
1391 3168 1487 3249 lega-

348 3285 449 3347 tionis
482 3283 599 3346 Liuius
634 3284 843 3347 mentionem
876 3283 1022 3357 fecerat;
1055 3283 1138 3345 dicit
1167 3283 1257 3345 enim
1286 3282 1486 3363 Eutropius:

352 3402 432 3475 „sed
456 3421 533 3463 cum
556 3401 665 3482 legati
688 3421 709 3462 a
731 3420 816 3482 rege
839 3399 1064 3474 Mithradate,
1089 3399 1147 3480 qui
1165 3418 1288 3479 pacem
1306 3400 1485 3480 petebant,

351 3516 548 3579 uenissent.”
663 3499 665 3503 ’
935 3582 937 3586 ,

381 3633 591 3711 ,Arbitratur
614 3653 712 3715 ergo,
735 3628 935 3713 Appianum
957 3631 1045 3692 haec
1069 3651 1088 3692 e
1111 3629 1209 3695 Liuio
1233 3630 1395 3692 hausisse.

392 3771 420 3826 3.
446 3749 600 3812 Tertium
627 3758 679 3811 est
703 3768 791 3830 quae
815 3747 897 3809 App.
922 3756 956 3810 et
979 3746 1089 3808 Inuus
1113 3745 1305 3819 Osssrounns
1336 3746 1379 3807 de
1403 3745 1482 3806 Pal-

348 3865 440 3927 ladio
471 3865 655 3927 memoriae
677 3864 897 3927 tradiderunt.
944 3863 1000 3925 De
1030 3882 1098 3943 quo
1127 3862 1196 3938 iam
1220 3861 1303 3924 satis
1326 3861 1487 3936 uidimuS,

349 3981 389 4045 cf.
414 4003 447 4063 p.
474 3987 525 4060 89.

395 4121 423 4175 4.
459 4098 497 4159 ln
537 4118 683 4161 excessu
717 4097 888 4159 Fimbriae
923 4097 1091 4159 narrando
1126 4094 1259 4169 LiuiuS,
1290 4094 1487 4176 Appianus,

348 4215 484 4278 Auctor
506 4215 550 4277 de
573 4214 632 4276 uir.
655 4214 716 4288 ill,
742 4212 882 4276 Orosius
907 4214 950 4276 de
974 4212 1118 4294 singulis
1141 4211 1344 4292 discrepant.

397 4564 415 4646 Ι)
437 4568 589 4635 Ionum,
613 4585 641 4641 p.
665 4583 712 4642 52.
