3286 5272
717 513 752 568 15

159 685 283 748 ducem
318 685 424 766 capit,
458 685 613 748 tribunus
646 685 792 747 militum
827 684 961 747 Marsos
978 681 999 765 1)
1034 687 1079 747 ad
1102 686 1303 748 societatem

161 821 239 862 curn
272 801 443 863 Romanis
477 801 633 875 adducit,
668 801 730 864 sed
754 801 1043 875 animaduertenS,
1079 822 1116 863 se
1146 802 1234 864 hanc
1259 802 1304 863 ob

161 936 300 979 causam
329 917 441 979 Mario
465 937 540 980 esse
563 917 724 990 inuisum,
748 915 892 989 Catulo,
917 916 1018 978 Marii
1040 915 1075 977 in
1098 916 1192 978 bello
1216 915 1304 980 Cim-

71 1049 75 1055 ’
160 1034 257 1096 brico
282 1034 467 1116 conlegae,
491 1055 528 1096 se
552 1034 725 1116 adiungit,
749 1034 824 1096 uiro
850 1035 942 1096 bono
966 1035 1028 1096 sed
1051 1033 1095 1095 ad
1119 1033 1305 1096 certamina

161 1149 329 1232 segniori,
354 1149 508 1231 quitum
530 1150 667 1212 nomine
691 1159 824 1212 tantum
853 1150 925 1212 dux
948 1159 1030 1212 erat.
1086 1149 1216 1211 Marius
1239 1149 1305 1211 hoc

161 1267 354 1348 aegerrime
389 1266 463 1329 fert.
509 1267 630 1349 Itaque
665 1268 787 1329 horum
821 1266 1016 1341 inimicitia,
1049 1269 1093 1328 ab
1117 1266 1212 1328 initio
1236 1265 1305 1328 leui

161 1381 337 1464 profecta,
362 1384 441 1446 inde
464 1403 527 1465 per
550 1384 686 1446 ciuilem
710 1385 913 1466 sanguinem
936 1385 982 1445 ad
1001 1383 1217 1466 tyrannidem
1228 1401 1305 1463 pro·

161 1519 302 1582 gressa,
326 1500 525 1582 Euripidem
556 1501 745 1582 sapientem
768 1500 873 1564 fuisse
897 1501 1058 1574 ostendit,
1082 1501 1142 1582 qui
1164 1519 1305 1582 prauam

161 1617 384 1679 ambitionem
407 1626 571 1699 tanquam
586 1617 818 1698 pestilentiam
834 1618 1009 1680 uitandam
1029 1638 1104 1679 esse
1120 1617 1306 1698 praecepit.

207 1732 262 1794 De
293 1733 387 1794 bello
420 1732 590 1796 Cimbrico
622 1743 657 1795 et
680 1733 870 1795 Teutonico
897 1732 1002 1794 fusior
1026 1741 1078 1795 est
1101 1731 1306 1794 Plutarchus

161 1849 255 1911 Mar.
269 1897 276 1923 ,
290 1870 317 1911 c.
347 1871 357 1910 1
371 1869 484 1928 1—27.
504 1850 703 1930 Relliquiae
716 1870 799 1911 uero
813 1847 965 1930 Appiani
982 1849 1167 1912 admodum
1182 1850 1306 1910 breues

161 1974 256 2038 sunt,
279 1985 359 2026 nam
381 1964 575 2048 fragmenta
598 1974 731 2028 tantum
755 1977 789 2028 et
814 1975 980 2047 excerpta
1006 1985 1026 2026 e
1046 1963 1145 2027 rebar
1164 1961 1306 2027 Gallicis

161 2079 316 2161 Appiani
350 2089 531 2162 supersunt
547 2083 581 2162 ²).
616 2081 671 2143 De
695 2079 842 2144 Cimbris
877 2101 918 2142 ac
948 2078 1113 2142 Teutonis
1137 2079 1304 2159 quaedam

162 2197 330 2258 habemus
357 2195 445 2260 Gall.
468 2196 516 2280 fg.
546 2220 579 2277 1,
608 2218 623 2258 2
651 2206 686 2259 et
706 2219 738 2271 1,
757 2218 790 2274 3;
812 2219 867 2275 13;
890 2219 928 2274 14
945 2193 981 2282 ³).
1006 2197 1192 2258 Praeterea
1206 2195 1248 2257 B.
1269 2195 1302 2257 C.

162 2309 188 2372 Ι.
214 2329 253 2389 77
279 2310 366 2373 haec
390 2331 501 2392 pauca
523 2313 644 2374 uerba:
670 2305 747 2398 υἐπὶ
774 2311 840 2383 τοῖς
868 2299 1060 2402 Κιμβρικοῖς
1087 2300 1303 2402 πρεσβεύων”

162 2424 207 2484 ad
229 2423 442 2505 legationem
466 2421 584 2487 Sullae
607 2425 642 2485 in
665 2445 708 2486 eo
731 2425 825 2486 bello
849 2433 1014 2504 spectant.

208 2537 310 2620 Quod
333 2525 377 2602 ad
399 2539 511 2602 fontes
534 2538 688 2621 Appiani
710 2540 744 2602 in
760 2541 827 2602 illis
842 2542 945 2602 rebus
967 2538 1143 2601 narrandis
1159 2539 1305 2613 adtinet,

164 2657 315 2732 conicio,
340 2679 419 2720 eum
441 2657 564 2738 partim
589 2679 608 2719 e
632 2657 732 2720 Liuio
753 2657 929 2731 hausisse,
946 2657 1070 2739 partim
1086 2657 1304 2737 escriptore,

163 2774 218 2835 cui
241 2773 368 2836 Caesar
389 2773 490 2836 fuerit
513 2783 642 2837 auctor.
674 2773 733 2836 Ad
756 2794 859 2856 quam
875 2774 1069 2856 opinionem
1093 2774 1305 2854 probandam

161 2890 259 2980 locos
282 2899 464 2971 sequentes
487 2891 576 2953 inter
599 2911 636 2953 se
661 2889 850 2954 conferam:

105 3031 188 3095 App.
210 3031 297 3096 Gall.
314 3032 360 3116 fg.
383 3055 419 3111 13
438 3032 469 3112 4).
583 3033 654 3096 Lrv.
670 3054 740 3116 per.
757 3033 887 3096 LXIII.
1071 3031 1170 3094 Vsu..
1186 3029 1228 3094 Π.
1250 3052 1297 3093 12.

86 3173 177 3269 „lla
197 3182 263 3244 τῶν
272 3173 443 3245 Τευτόνων
454 3176 476 3256 ⁵)
572 3176 735 3252 „Cimbri,
747 3197 835 3259 gens
843 3196 945 3259 uaga,
1043 3169 1190 3259 „Effusa
1250 3169 1411 3235 iinmam's

63 3304 161 3393 μοῖρα
222 3294 476 3392 lucerinum
525 3290 763 3376 populabundi
793 3290 831 3355 ia
866 3292 946 3376 llly-
995 3290 1051 3355 ais
1063 3291 1313 3356 Germanarum
1328 3310 1410 3372 gen·

62 3413 321 3513 πολύανδρος
344 3419 384 3495 ἐς
402 3419 475 3513 τὴν
530 3407 641 3471 ri'cam
664 3409 857 3472 uenerunt.''
995 3409 1097 3483 tium,
1125 3408 1248 3488 quibus
1286 3427 1411 3469 nornen

63 3544 137 3632 γῆν
169 3543 247 3606 τῶν
277 3534 476 3634 Νωρικῶν
996 3524 1141 3588 Cimbris
1175 3544 1215 3586 ac
1247 3523 1411 3584 Teutonis

63 3655 245 3756 ἐςέβαλεν.”
838 3633 840 3638 V
997 3641 1096 3703 erat.”

211 3912 232 3992 ¹)
252 3915 325 3972 Erat
345 3913 417 3977 item
438 3912 554 3973 Gallica
574 3934 655 3992 gens.

208 4010 233 4092 ²)
253 4012 323 4072 Vid.
346 4032 481 4090 prooem.
502 4033 531 4090 p.
555 4017 583 4071 6.

208 4110 232 4192 3)
253 4113 340 4171 Haec
377 4112 507 4189 epitome
548 4133 585 4185 14
621 4111 711 4170 etiam
750 4123 868 4172 seruata
907 4124 952 4173 est
984 4114 1065 4189 apud
1099 4111 1223 4171 SumAM
1255 4130 1305 4169 uu.

166 4215 439 4276 ΑΨΑΤΣΤΩΣ
450 4223 480 4273 et
491 4219 724 4289 ΚΙΜΒΡΟΣ,
737 4213 783 4271 ed.
795 4213 903 4272 Bernh.
916 4215 938 4270 I.
955 4233 1018 4286 1,p.
1031 4233 1099 4289 924:
1109 4213 1147 4268 ΙΙ.
1163 4231 1187 4280 1,
1197 4231 1226 4286 p.
1237 4212 1304 4286 256.

207 4317 232 4398 4)
253 4320 309 4378 Ed.
332 4319 543 4380 Mendelssohn
569 4320 666 4397 1879,
688 4319 757 4379 Vol.
779 4320 802 4376 Ι.
825 4339 854 4396 p.
879 4336 926 4396 5²·

207 4416 232 4497 5)
254 4419 324 4477 Hoc
351 4437 510 4496 perperam
537 4417 611 4478 dicit
641 4417 814 4496 Appianus;
847 4417 928 4475 haud
960 4415 1038 4475 enim
1070 4414 1221 4486 Teutoni,
1253 4415 1305 4473 sed

166 4514 279 4576 Cimbri
301 4516 391 4576 suere.
