3284 5272
863 508 924 562 106

322 705 467 754 mortem
490 691 608 756 Sullae
630 695 826 774 opperiens,
850 697 894 755 ad
917 715 993 756 sese
1017 697 1156 757 uocauit
1178 709 1214 757 et
1236 697 1272 756 in
1298 696 1459 757 cubiculo

323 827 345 870 a
366 805 501 870 famulis
534 807 704 872 subfocari
731 810 837 872 iussit.
882 809 1041 873 Clamore
1071 819 1144 872 tum
1172 811 1217 872 ab
1248 832 1291 873 eo
1321 811 1459 873 sublato

323 922 423 988 Sulla
455 925 673 988 distractione
708 927 860 1007 corporis
893 947 972 988 cum
1004 927 1102 989 ulcus
1124 927 1284 1008 rupisset,
1313 928 1459 989 multum

322 1041 497 1123 sanguinis
520 1043 632 1106 eiecit

310 1177 315 1190 ¹
366 1155 508 1220 Valeria
529 1169 609 1242 post
630 1169 775 1221 mortem
798 1159 872 1221 eius
893 1156 1000 1220 filiam
1022 1159 1173 1240 peperit,
1189 1179 1278 1240 quae
1293 1158 1461 1221 Postuma

323 1275 416 1338 dicta
448 1285 501 1340 est
517 1271 548 1358 ¹).
593 1275 744 1337 Romani
778 1276 870 1337 enim
903 1275 1009 1356 (addit
1034 1274 1251 1356 Plutarchus)
1281 1275 1461 1356 adpellant

323 1399 515 1472 postumos,
539 1391 597 1472 qui
619 1401 699 1472 post
722 1391 853 1454 obitum
875 1401 1012 1472 patrum
1033 1401 1221 1453 nascuntur
1242 1391 1316 1471 (37).

366 1505 541 1589 Plerique,
556 1507 645 1569 inter
658 1528 744 1588 quos
758 1507 920 1588 Lepidus,
937 1505 1070 1570 Sullam
1086 1517 1257 1569 mortuum
1270 1505 1398 1568 fimetis
1417 1525 1460 1567 ac

321 1624 460 1686 honoris
481 1624 684 1706 participem
704 1623 779 1686 fieri
801 1625 984 1706 prohibere
1004 1633 1177 1687 conantur.
1200 1622 1272 1687 Sed
1286 1625 1371 1688 nihil
1387 1623 1459 1688 effi-

322 1741 429 1814 ciunt,
458 1761 538 1803 nam
570 1741 758 1822 Pompeius
787 1743 936 1804 cadauer
963 1741 1116 1803 Romam
1146 1742 1289 1804 deduxit
1311 1752 1348 1804 et
1368 1743 1460 1805 iusta

322 1853 418 1931 fecit,
451 1876 644 1938 quanquam
676 1858 771 1920 solus
802 1877 848 1919 ex
877 1857 996 1920 amicis
1026 1877 1048 1918 a
1076 1855 1175 1920 Sulla
1195 1858 1231 1919 in
1252 1867 1460 1921 testamento

323 1971 466 2034 omissus
488 1983 571 2036 erat

365 2088 624 2152 Monumentum
650 2087 770 2152 Sullae
791 2089 826 2151 in
849 2088 980 2170 Campo
1002 2089 1130 2151 Martio
1143 2089 1399 2170 inscriptionem
1413 2081 1459 2151 ab

321 2205 397 2285 ipso
420 2215 623 2286 conceptam
650 2205 743 2280 tulit,
774 2205 870 2268 cuius
892 2214 995 2286 caput
1018 2215 1109 2267 erat:
1142 2225 1201 2278 „se
1221 2224 1333 2285 neque
1355 2206 1460 2266 bene-

321 2320 408 2384 ficiis
441 2324 486 2386 ab
514 2323 641 2396 amic0‚
675 2341 787 2403 neque
815 2320 992 2384 maleficiis
1023 2323 1068 2384 ab
1095 2321 1232 2384 inimico
1263 2331 1460 2402 superatum

322 2435 442 2501 mss&
464 2437 575 2520 (3811·

365 2634 449 2698 ΑΗ.
471 2635 514 2698 Β.
541 2633 576 2698 C.
598 2634 624 2698 1.
650 2657 691 2714 79
714 2635 804 2697 med
828 2671 870 2679 —
898 2639 969 2697 106.
1015 2631 1114 2698 Sulla
1137 2653 1216 2696 cum
1238 2633 1386 2715 quinque
1408 2633 1458 2695 le·

323 2750 483 2832 gionibus
505 2750 635 2813 Italicis
656 2759 692 2813 et
714 2771 778 2813 sex
799 2749 848 2812 M.
865 2751 1031 2832 equitum,
1054 2750 1090 2811 in
1111 2749 1307 2811 uniuersum
1329 2749 1459 2811 ducens

322 2867 457 2929 circiter
483 2867 713 2948 quadraginta
750 2866 900 2929 uirorum
928 2866 1040 2940 milia,
1074 2886 1098 2927 a
1125 2865 1249 2928 Piraeo
1272 2864 1394 2927 Patras
1424 2873 1461 2926 et

321 2983 401 3044 inde
423 2981 653 3045 Brundusium
671 2982 805 3046 traiecit
821 2982 931 3044 classe
945 2980 1067 3044 MDC.
1089 2981 1237 3043 nauimn.
1271 2979 1360 3042 Mox
1381 2999 1460 3043 cum

320 3097 486 3160 uniuersis
508 3098 616 3178 copiis
639 3107 758 3160 contra
779 3098 901 3175 urbem
922 3095 1096 3178 profectus
1120 3108 1182 3159 est.

367 3210 597 3276 Occurrerunt
626 3213 659 3275 ei
688 3213 725 3274 in
754 3233 796 3275 eo
825 3213 947 3275 itinere
975 3211 1145 3275 Caecilius
1174 3210 1337 3275 Metellus
1359 3210 1460 3286 Pius,

323 3327 382 3392 Cn.
404 3327 604 3410 Pompeius,
635 3328 694 3409 qui
723 3337 846 3409 postea
874 3327 1025 3410 Magnus
1048 3335 1102 3389 est
1124 3327 1401 3408 cognominatus,
1424 3336 1461 3389 et

323 3442 507 3526 Cethegus.
552 3442 732 3518 Metellus,
763 3453 842 3506 ante
865 3443 997 3524 aliquot
1020 3463 1127 3505 annos
1150 3444 1196 3505 ad
1216 3443 1302 3505 belli
1323 3442 1461 3506 socialis

369 3678 391 3760 ¹)
411 3681 459 3739 De
485 3681 628 3740 Postuma
654 3679 704 3738 illa
732 3678 792 3739 uid.
815 3681 995 3752 Dimum,
1016 3680 1055 3738 H.
1076 3698 1106 3755 p.
1130 3695 1187 3756 512
1209 3698 1253 3756 sq.
1274 3687 1305 3737 et
1324 3687 1388 3738 not.
1409 3695 1459 3756 45.

365 3776 390 3852 ²)
410 3779 507 3840 PLUT.
537 3779 592 3838 l.l.:
627 3782 697 3858 „uie
732 3787 805 3848 οὔτε
837 3783 903 3846 τῶν
936 3776 1038 3862 φίλων
1074 3803 1123 3853 τις
1159 3779 1259 3844 αὐτὸν
1293 3769 1327 3841 εὖ
1354 3784 1458 3844 ποιῶν

325 3886 398 3950 οὔτε
429 3888 494 3952 τῶν
533 3888 662 3970 ἐχθρῶν
701 3890 807 3961 κακῶς
848 3883 1094 3972 interficiere?
1137 3887 1225 3944 Paret
1255 3882 1345 3962 igitur
1380 3883 1461 3942 Sulla

323 3989 421 4050 eidem
448 3989 639 4052 humanitatis
666 4002 845 4070 praecepto,
873 3991 922 4051 cui
950 3989 1060 4050 Graeci
1088 3990 1251 4067 parebant,
1278 3989 1360 4064 apud
1385 4007 1460 4065 quos

324 4087 421 4150 omnis
451 4088 530 4149 uitae
562 4090 639 4151 ratio
670 4102 734 4151 erat
765 4094 911 4174 „ylvudu
946 4093 1005 4175 μέν
1042 4083 1126 4154 εἶναι
1163 4085 1291 4173 φίλοις,
1329 4093 1458 4175 ἐχθροῖς

324 4196 358 4260 δὲ
391 4195 542 4280 πικρόν.”
585 4200 630 4258 Cf.
659 4201 737 4260 Eun.
765 4200 846 4258 Med.
876 4200 951 4276 809:
978 4201 1138 4284 ,βαρεῖαν
1171 4203 1300 4280 ἐχθροῖς
1325 4199 1379 4260 καὶ
1404 4199 1459 4276 φί-

325 4303 429 4370 λοισιν
454 4302 601 4386 εὐμενῆ,”
643 4304 688 4362 Id.
710 4303 776 4361 Ion.
800 4306 891 4377 1046;
910 4307 1002 4362 Herc.
1012 4304 1044 4382 f.
1069 4305 1136 4381 585.
1156 4337 1195 4346 -
1208 4303 1298 4360 Puro.
1312 4303 1405 4376 Pyth.
1419 4301 1459 4358 II.

327 4426 393 4486 151.
421 4443 462 4453 -
488 4409 573 4469 Plato
603 4427 678 4468 uuus
708 4406 792 4467 aliter
820 4408 878 4466 hac
904 4408 943 4466 de
974 4427 1006 4467 re
1028 4406 1187 4484 cogitauit,
1209 4407 1246 4465 cf.
1267 4407 1364 4465 PLAT.
1384 4407 1458 4480 Rep.

326 4529 356 4586 1>-
378 4527 437 4585 334
458 4509 483 4566 B
503 4527 584 4584 suna
611 4507 704 4581 Gorg·
726 4527 755 4584 p·
778 4509 837 4583 469
859 4507 900 4580 C;
927 4507 1001 4566 Crit·
1024 4527 1053 4582 p·
1075 4526 1114 4582 49
1136 4507 1169 4564 B·
