3286 5272
735 519 770 578 31

184 714 263 757 cum
287 694 361 757 aliis
384 695 501 776 paucis
532 695 735 775 quibusdam
758 694 880 776 capitis
903 696 1050 758 damnat.
1096 695 1244 757 Marium
1267 695 1324 776 qui

183 820 356 885 necasset,
391 811 423 872 ei
456 811 638 892 pecuniam
660 811 803 892 praemii
826 811 904 873 loco
932 811 1042 874 edicit.
1090 808 1279 892 Sulpicius,
1304 832 1324 873 a

183 947 283 989 seruo
317 927 483 1008 proditus
518 925 726 990 interficitur.
749 927 799 990 Ut
822 927 902 989 odia
924 926 1148 990 multitudinis
1171 927 1323 1009 mitiget,

184 1041 342 1116 Cinnam,
378 1042 568 1105 contrariae
595 1042 752 1105 factionis
787 1042 977 1116 hominem,
1013 1043 1190 1105 consulem
1214 1051 1323 1117 creat,

183 1159 240 1239 qui
278 1159 313 1220 in
351 1157 557 1250 Capitolium
592 1159 770 1221 adscendit
808 1159 1026 1240 lapidemque
1064 1178 1167 1221 manu
1203 1168 1324 1221 tenens

183 1276 286 1349 iurat,
318 1285 370 1350 ut,
403 1276 466 1338 nisi
489 1276 768 1339 beneuolentiam
792 1295 878 1358 erga
901 1273 1034 1338 Sullam
1057 1284 1253 1350 conseruet,
1276 1276 1324 1338 sic

182 1393 267 1454 urbe
291 1391 437 1467 excidat,
465 1393 755 1474 quemadmodum
781 1413 884 1455 manu
897 1393 970 1456 eius
986 1393 1083 1474 lapis.
1104 1392 1194 1455 Tum
1209 1393 1325 1455 multis

182 1527 298 1570 coram
313 1508 457 1570 testibus
473 1508 624 1589 lapidem
640 1508 674 1570 in
687 1517 813 1571 terram
824 1508 955 1591 proicit.
981 1507 1169 1572 Consulatu
1180 1517 1324 1590 accepto

182 1623 297 1686 statim
330 1643 438 1687 nouas
472 1643 527 1686 res
555 1624 667 1687 moliri
698 1625 816 1706 incipit
847 1622 1047 1706 Sullamque
1075 1634 1178 1688 uocat
1200 1625 1235 1686 in
1256 1625 1324 1699 ius,

181 1737 384 1821 Verginium
408 1740 579 1802 tribunum
601 1740 714 1822 plebis
737 1750 972 1803 accusatorem
999 1742 1196 1803 subornans
1226 1739 1324 1804 Sulla

182 1865 381 1919 accusatore
417 1877 457 1919 ac
491 1857 617 1919 iudicio
649 1857 766 1920 ualere
796 1858 888 1920 iusso
933 1858 976 1919 ad
1007 1858 1138 1919 bellum
1162 1858 1234 1921 abit
1260 1857 1323 1920 Mi-

181 1972 418 2035 thradaticum.

227 2088 325 2151 Prur.
357 2088 450 2152 Mar.
484 2109 523 2167 35
548 2090 636 2152 med.
660 2127 700 2134 -
719 2096 770 2167 46.
817 2088 915 2153 Sulla
949 2089 1138 2153 exercitum
1172 2090 1324 2153 Romam

182 2205 284 2267 ducit.
331 2204 393 2267 Cui
427 2205 462 2266 in
496 2207 617 2268 urbem
653 2207 858 2288 inrumpenti
894 2206 1022 2269 Marius
1068 2205 1192 2269 frustra
1215 2207 1322 2269 seruis

182 2322 227 2382 ad
256 2341 351 2383 arma
374 2321 507 2385 uocatis
543 2322 666 2385 leuiter
696 2323 830 2385 resistit.
866 2322 952 2384 Mox
983 2323 1101 2404 pulsus
1123 2321 1257 2405 aufugit
1289 2331 1325 2386 et

182 2438 227 2498 ad
251 2435 382 2500 Ostiam
406 2438 598 2512 descendit,
625 2440 715 2500 unde
740 2458 817 2501 cum
841 2436 977 2512 Grani0,
1005 2438 1167 2521 priuigno
1179 2458 1250 2512 suo,
1263 2459 1320 2500 na·

182 2554 330 2616 uiculam
343 2563 464 2617 nactus
476 2554 640 2616 auehitur.
664 2554 771 2616 Filius
788 2555 875 2629 eiuS,
891 2554 1020 2616 Marius
1037 2554 1154 2629 iunior,
1171 2557 1215 2616 ad
1231 2575 1324 2617 mare

169 2655 335 2753 ‘profugit
368 2670 531 2752 nauique,
578 2689 666 2750 quae
703 2668 858 2732 Africam
892 2679 1043 2751 peteret,
1079 2691 1266 2733 conscensa
1288 2671 1323 2733 in

182 2805 259 2847 eam
282 2786 401 2849 traicit.

195 2916 197 2918 ·
226 2901 365 2965 Interim
389 2902 501 2964 senior
523 2902 654 2964 Marius
685 2911 790 2965 uento
823 2923 843 2964 a
866 2903 951 2965 mari
974 2903 1192 2967 incumbente
1215 2902 1323 2966 flucti-

181 3018 314 3098 busque
338 3013 539 3100 urgentibus
571 3038 677 3100 aegre
707 3020 751 3080 ad
773 3019 854 3082 litus
877 3019 973 3082 iuxta
997 3019 1146 3083 Circeios
1171 3020 1322 3102 adpellit.

180 3133 454 3197 Nauseabundus
469 3135 564 3197 nullo
581 3145 674 3198 certo
692 3136 833 3198 consilio
849 3147 1010 3219 uagatur,
1024 3138 1133 3199 donec
1146 3138 1190 3198 ab
1202 3136 1323 3199 itinere

181 3249 355 3332 digressus
389 3251 594 3317 indensem
629 3252 751 3314 siluam
786 3273 823 3314 se
847 3253 984 3334 recipit,
1019 3253 1078 3314 ubi
1101 3252 1224 3315 misere
1247 3272 1322 3333 per-

181 3375 306 3428 noctat.
330 3366 499 3429 Postridie
522 3376 635 3430 turma
659 3368 811 3449 equiturn
835 3389 855 3429 a
878 3368 1076 3442 MinturniS,
1101 3369 1228 3450 oppido
1246 3389 1322 3451 pro-

181 3481 324 3563 pinquo,
358 3483 460 3545 uenit.
485 3481 594 3546 Simul
617 3483 746 3545 Marius
771 3493 805 3544 et
829 3482 974 3546 Granius
1003 3504 1111 3566 prope
1135 3484 1214 3546 litus
1237 3486 1322 3546 duas

181 3597 353 3660 onerarias
381 3619 487 3661 naues
516 3598 738 3681 conspiciunt.
785 3596 909 3662 Statim
937 3600 972 3661 in
995 3620 1089 3662 mare
1112 3599 1264 3662 insiliunt
1287 3609 1322 3663 et

182 3715 226 3775 ad
259 3735 365 3777 naues
388 3716 560 3778 adnatant.
608 3700 729 3778 Mario·
748 3736 769 3777 a
800 3716 912 3778 nautis
938 3716 973 3778 in
996 3716 1139 3778 alteram
1161 3717 1321 3798 imposito

182 3830 313 3911 equites
347 3832 415 3893 iarn
445 3831 479 3893 in
507 3832 607 3894 litore
637 3834 759 3894 adsunt
788 3834 1019 3913 mandantque
1050 3834 1177 3906 nautiS‚
1201 3842 1239 3896 ut
1263 3844 1321 3895 aut

182 3965 306 4008 nauem
335 3948 540 4021 subducant,
565 3957 624 4010 aut
646 3947 793 4010 Marium
817 3948 950 4011 eiciant.
978 3948 1026 4010 Hi
1055 3950 1271 4029 respondent,
1284 3970 1321 4011 se

181 4059 332 4123 Marium
362 4082 431 4124 non
462 4063 664 4144 prodituros.
701 4063 881 4144 Equitibus
904 4073 976 4126 tum
994 4063 1093 4126 ‘iratis
1118 4064 1321 4127 abeuntibus

181 4186 306 4240 nautae
336 4179 505 4242 sententia
534 4188 665 4241 mutata
696 4177 843 4241 Marium
875 4181 920 4241 ad
943 4179 1031 4242 ostia
1054 4179 1141 4241 Liris
1164 4178 1258 4241 fluuii
1285 4179 1320 4240 in

107 4343 114 4356 .
182 4300 308 4355 terram
345 4304 530 4376 exponunt.
578 4293 724 4358 Granius
758 4294 893 4357 interim
930 4295 1038 4357 altera
1069 4293 1148 4356 naui
1178 4295 1320 4376 adrepta

181 4407 216 4470 in
238 4407 423 4472 Aenariam
446 4411 591 4473 insulam
614 4409 807 4492 oppositam
831 4409 951 4473 traicit.

227 4522 356 4586 Marius
380 4524 503 4588 deinde
526 4527 618 4589 solus
641 4535 676 4589 et
698 4528 808 4588 nudus
830 4525 1037 4608 aliquamdiu
1054 4525 1204 4588 inlitore
1220 4524 1318 4588 iacet.
