3286 5272
416 1228 919 1399 ⁴⁴enpust.

175 1622 230 1678 uu
250 1621 364 1679 vnn
379 1620 553 1694 suumn,
582 1620 807 1694 QUATENUS
836 1622 1046 1696 PERTINET
1068 1623 1127 1679 An
1152 1623 1316 1680 BELLUM

346 1754 654 1813 IUGURTHINUM
675 1754 730 1811 ΕΤ
750 1755 811 1812 Au
834 1753 1038 1814 GALLICAs
1058 1743 1143 1812 Rus,

222 2255 320 2317 PLuT.
345 2254 430 2320 Sull.
455 2277 492 2333 3:
521 2253 620 2319 Sulla
643 2265 805 2337 quaestor
827 2256 862 2317 in
884 2254 978 2316 bello
1002 2252 1206 2334 Iugurthino
1229 2224 1318 2316 Boc-

178 2372 300 2446 chum,
317 2371 542 2434 Numidarum
554 2392 692 2454 regem‚
705 2363 854 2436 amicitia
866 2371 932 2432 sibi
947 2369 1058 2451 iungit
1074 2377 1109 2431 et
1124 2370 1317 2449 proditione

179 2490 223 2550 ab
247 2509 289 2550 eo
312 2488 514 2570 iugurtham
537 2489 572 2550 in
597 2489 830 2569 captiuitatem
854 2487 979 2568 accipit
995 2481 1025 2566 ¹).

223 2603 305 2666 Am.
320 2603 426 2666 Num.
444 2603 490 2686 fg.
508 2627 527 2681 4
545 2614 580 2666 et
597 2625 632 2682 5:
649 2604 774 2685 Legati
791 2603 922 2666 Bocchi
938 2603 983 2664 ad
998 2600 1146 2662 Marium
1161 2601 1318 2674 ueniunt,
1345 2673 1349 2680 ⁸

180 2719 253 2800 qui,
276 2731 315 2782 ut
329 2720 372 2781 ad
388 2740 465 2783 sese
481 2719 611 2782 Marius
627 2721 809 2782 nonnullos
825 2718 1054 2799 conloquendi
1070 2736 1174 2779 causa
1190 2717 1318 2788 mittat,
1338 2704 1340 2710 ’

178 2843 308 2916 petunt.
331 2835 479 2897 Manlius
502 2837 640 2918 legatus
664 2845 699 2898 et
722 2834 821 2898 Sulla
836 2842 999 2915 quaestor
1013 2833 1200 2895 mittuntur.
1236 2831 1321 2894 Post

179 2952 267 3014 hanc
298 2953 508 3033 legationem
539 2972 653 3014 rursus
676 2953 763 3014 alios
787 2951 947 3014 Bocchus
969 2949 1089 3022 mittit,
1117 2949 1175 3029 qui
1197 2967 1320 3028 pacem

180 3088 202 3129 a
224 3067 334 3129 Mario
356 3077 485 3148 petant.
510 3068 558 3138 Hi
581 3068 706 3150 legati,
730 3088 752 3129 a
774 3066 963 3129 latronibus
978 3065 1013 3126 in
1030 3063 1150 3126 itinere
1166 3062 1319 3143 spoliati,

181 3204 202 3245 a
225 3181 323 3246 Sulla
353 3184 541 3247 liberaliter
559 3162 747 3246 habentur.
792 3182 953 3244 Bocchus
976 3180 1044 3242 iam
1068 3199 1110 3240 eo
1134 3178 1320 3252 inclinanS,

181 3309 218 3362 ut
251 3320 372 3381 pacem
407 3299 600 3381 proditione
634 3300 822 3382 Iugurthae
857 3298 1018 3370 redimat,
1053 3296 1119 3357 hoc
1143 3294 1321 3356 consilium

181 3415 270 3496 tegit
292 3416 459 3497 simulque
483 3436 504 3477 a
526 3417 637 3478 Mario
660 3415 763 3497 petit,
786 3424 824 3476 ut
840 3411 972 3477 Sullam
988 3412 1033 3473 ad
1051 3431 1143 3484 sese,
1161 3405 1321 3492 cum'quo

183 3532 226 3595 de
250 3534 484 3598 communibus
507 3535 609 3596 rebus
633 3533 867 3612 conloquatur*
882 3531 1009 3593 mittat.

227 3648 282 3710 De
305 3669 437 3711 summa
459 3651 508 3712 rei
532 3648 736 3711 Plutarchus
761 3657 795 3709 et
818 3645 999 3728 Appianus
1022 3645 1109 3706 inter
1124 3663 1161 3706 se
1182 3662 1322 3706 consen-

183 3764 278 3826 tiunt.
301 3764 368 3826 Ille
389 3785 473 3826 uero
497 3765 646 3845 loquitur
668 3765 711 3826 de
736 3784 803 3825 una
825 3761 1019 3844 legatione,
1042 3760 1098 3822 hic
1122 3761 1165 3821 de
1181 3759 1322 3820 duabus.

183 3878 247 3941 Ille
284 3899 352 3941 non
390 3881 492 3954 dicit,
532 3880 698 3942 Manlium
737 3877 937 3959 Sullamque
970 3877 1015 3938 ad
1045 3875 1222 3938 Bocchum
1246 3879 1322 3936 esse

185 3996 305 4058 missos
321 3997 351 4078 ²).
375 3997 430 4058 Ex
452 4006 596 4078 utroque
620 3997 780 4076 adparet,
804 3994 1007 4077 Iugurtham
1030 4013 1051 4054 a
1073 4011 1194 4054 socero
1210 3991 1323 4072 prodi-

185 4121 257 4174 tum
287 4113 334 4174 iri.
381 4113 582 4195 Congruunt
613 4113 751 4174 tandem
775 4112 863 4174 inter
886 4131 924 4179 se
947 4111 991 4172 de
1014 4109 1155 4190 legatis,
1181 4128 1202 4169 a
1225 4104 1324 4170 Sulla
1382 4157 1385 4162 ⁴

185 4228 371 4291 liberaliter
404 4229 564 4310 acceptis
610 4227 814 4290 Plutarchus
847 4246 909 4289 sua
932 4247 952 4287 e
981 4226 1074 4287 nullo
1110 4224 1178 4286 alio
1213 4222 1325 4285 hausit

236 4478 255 4559 ¹)
276 4481 321 4540 Cf.
343 4481 438 4539 Pnur.
460 4481 546 4538 Mar.
572 4500 618 4538 10.

232 4577 257 4658 ²)
278 4581 372 4638 PLUT.
387 4581 475 4638 Mar.
493 4599 529 4637 10
545 4588 661 4637 tantum
677 4579 788 4636 Sullam
802 4575 945 4649 nominat,
960 4575 998 4634 de
1012 4571 1126 4632 Manlio
1143 4570 1214 4630 nihil
1227 4573 1327 4631 habet.
