3284 5272
719 524 755 581 81

219 735 244 775 1.
267 713 433 774 Iordanus
456 712 539 774 citat
562 710 632 772 Lrv.
656 730 726 791 per.
751 709 942 771 LXXXII.

217 849 244 890 2.
269 827 360 891 Citat
395 826 554 891 Gnaurmr
588 827 786 889 chrumuun
822 827 873 888 ed.
904 827 1011 888 Bonn.
1040 845 1072 906 p.
1102 847 1141 904 33
1175 826 1311 908 („filium
1336 923 1338 928 Α

169 943 334 1006 Archelai
357 944 511 1025 adpellat
534 943 729 1025 Diogenem
753 943 856 1004 etiarn
876 940 1022 1005 Granius
1038 941 1266 1023 Licinianus'l.

216 1081 244 1137 3.
269 1059 413 1122 Onosros
437 1080 515 1122 cum
539 1058 702 1140 Appiano
732 1059 909 1121 consentit.

271 1179 301 1259 a)
324 1177 379 1239 De
403 1197 545 1240 numero
569 1196 755 1239 caesorum.

190 1393 195 1404 .
313 1345 395 1407 Ara.
420 1368 461 1424 49
487 1356 571 1408 extr.
999 1342 1100 1405 Onos
1124 1344 1168 1406 l.l.

145 1485 239 1584 „Kai
257 1496 324 1558 τῶν
347 1489 515 1583 πολεμίων
539 1487 712 1558 ἀπώλοντο
814 1533 827 1560 ,,
836 1483 1037 1566 Quindecim
1049 1483 1146 1548 milio
1158 1507 1203 1548 ex
1218 1487 1271 1548 his
1287 1487 1386 1550 inter-

86 1611 152 1703 μὲν
194 1611 280 1706 ἀμφὶ
320 1607 395 1687 τοὺς
436 1609 604 1706 μυρίους
648 1607 713 1677 καὶ
765 1600 856 1664 fecta
880 1611 958 1664 sunt
981 1603 1096 1682 ibique
1121 1600 1293 1686 Diogenes
1319 1603 1386 1666 Ar-

84 1730 481 1827 πεοτακῑςχῑλίους,
508 1728 561 1798 χαὶ
587 1725 712 1798 τούτων
766 1715 992 1804 chelaz'filr'us
1015 1719 1202 1782 trucidatus
1226 1720 1304 1782 est.''

85 1851 182 1946 ἦσαν
202 1854 232 1919 οἱ
251 1848 358 1947 μύριοι
375 1853 481 1926 ἱππεῖς
509 1846 642 1940 μάλιςα·
661 1848 714 1917 καὶ

87 1970 153 2040 σὺν
182 1971 291 2048 αὐτοῖς
319 1971 456 2047 ὀπαῖς
482 1965 713 2066 Ἀρχελάου

88 2087 336 2185 Διοχένης.”

273 2250 307 2330 b)
330 2251 483 2331 Uterque
495 2258 626 2324 narrat,
639 2249 766 2330 primos
779 2247 946 2312 defecisse
958 2249 1133 2331 Ephesios.
1154 2248 1254 2323 ,Are
1269 2257 1309 2328 48

328 2363 536 2438 Trallianos,
560 2363 812 2445 HypaepenOS,
836 2362 1061 2445 Mesopolitas
1081 2364 1235 2444 adpellat
1258 2359 1313 2426 καί

324 2501 413 2554 τινας
427 2475 562 2560 ἄλλους,
580 2484 615 2543 in
631 2483 753 2563 quibus
767 2481 912 2545 fortasse
929 2494 1007 2546 sunt
1026 2493 1182 2546 caeterae
1200 2482 1312 2547 Orosii

328 2597 439 2672 urbes,
457 2594 653 2678 Smyrnaei,
670 2595 786 2673 Sardi,
804 2596 1034 2679 Colophonii.”
1055 2597 1155 2670 ‚‚A1›1›.
1170 2604 1211 2676 48
1225 2608 1309 2661 extr.
1361 2641 1364 2647 -

333 2704 442 2800 „daql
459 2703 535 2781 τοὺς
555 2703 678 2801 χιλίους
701 2704 753 2774 καὶ
772 2703 988 2783 ἑξακοσίους.”
1008 2748 1049 2756 -
1082 2710 1183 2775 ORos.
1211 2713 1311 2787 ,mile

330 2833 364 2886 et
387 2823 595 2887 sexcentos’'

219 2939 456 3016 4.·EurR01>1us
479 2960 556 3003 curn
580 2939 743 3021 Appiano
768 2941 944 3004 consentit.

140 3035 142 3040 ⁵
273 3057 304 3137 a)
327 3057 382 3118 De
404 3077 545 3119 numero
577 3077 769 3120 caesorum:
806 3057 933 3139 „pn'mo
962 3058 1094 3138 proelio
1118 3059 1311 3138 quindecim

329 3173 421 3235 milia
455 3173 603 3236 hostium
637 3172 817 3237 interfecta
852 3183 929 3236 sunt
960 3182 995 3235 et
1026 3172 1115 3235 filius
1147 3173 1312 3237 Archelai

330 3287 533 3371 Diogenes”

274 3402 308 3482 b)
332 3401 414 3465 Am.
440 3422 491 3480 50.
516 3391 691 3492 Ἀρχέλαος
718 3394 744 3464 δ’
759 3396 792 3464 ἐν
821 3393 888 3464 ἕλει
914 3395 974 3465 τινὶ
1001 3393 1185 3491 ἐκρύφθη.”

329 3515 474 3578 Eurnor.
517 3515 729 3590 „Archelaus
763 3514 875 3576 triduo
912 3515 1022 3578 nudus
1055 3516 1090 3577 in
1131 3516 1314 3597 paludibus

331 3630 455 3693 latuit.”

221 3767 248 3823 5.
273 3743 461 3809 Fuounuus
485 3766 564 3808 cum
586 3745 748 3827 Appiano
772 3745 949 3808 consentit.

276 3864 306 3937 a)
329 3862 369 3925 In
392 3863 529 3925 citanda
551 3862 789 3925 adhortatione
813 3859 932 3924 Sullae
955 3861 1000 3922 ad
1022 3862 1163 3924 milites:

332 3976 414 4039 Am.
439 3999 490 4056 49.
516 3970 573 4062 „ai
591 3994 638 4047 τις
661 3970 754 4061 ὑμῶν
781 3965 975 4062 ὢΡωμαῖοι
997 3966 1136 4038 πύθοιτο
1155 3975 1219 4038 ποῦ
1235 3968 1314 4040 Σύλ-

331 4090 392 4161 λαν
420 4091 474 4160 τον
502 4090 667 4186 ςρατηχον
694 4090 788 4181 ὑμῶν
816 4087 927 4157 αὐτῶν
955 4086 1180 4185 προύδώκατε·
1208 4089 1312 4183 λέγειν

330 4213 364 4280 ἐν
391 4208 583 4308 Ὀρχομενῷ
612 4205 834 4304 μαχόμενον.”

332 4330 456 4392 Fnour.
480 4330 523 4392 Π.
548 4335 577 4391 8.
606 4350 641 4390 12
662 4325 691 4408 1).
742 4325 798 4404 ,Si
833 4328 907 4408 quis
935 4328 1139 4408 quaesisset,
1174 4329 1232 4390 ubi
1255 4329 1313 4390 im-

225 4539 245 4619 ¹)
266 4538 321 4597 Ed.
344 4541 374 4596 II
395 4537 591 4613 Oudendorp.
615 4521 647 4594 L.
670 4539 703 4594 B.
730 4553 823 4610 1779,
846 4555 874 4611 p.
899 4555 967 4610 321.

98 4640 103 4647 ⁴
1195 4645 1210 4693 6
