3286 5272
859 526 893 568 12

303 699 409 762 nisie
445 696 563 762 Sullae
598 697 847 760 commentariis
869 693 905 777 ¹),
940 699 1032 779 quod
1067 719 1086 760 e
1121 698 1235 760 uerbis
1269 698 1447 763 Plutarchi

303 815 419 896 liquet.
466 813 566 878 Sulla
600 824 696 878 actor
726 823 779 876 est
801 813 986 894 primarum
1018 813 1179 895 partium,
1203 814 1277 895 qui,
1302 815 1446 879 simulac

302 931 338 992 in
350 939 462 994 castra
472 930 579 1004 uenit,
595 949 669 992 rem
681 929 749 992 alio
765 929 887 1002 uertit,
905 928 1084 993 Bocchum
1100 929 1230 991 socium
1247 939 1282 991 et
1298 931 1446 992 amicum

302 1047 422 1127 populi
464 1047 611 1110 reddens
647 1046 806 1108 Romani.
854 1045 940 1108 Cum
975 1066 1017 1108 eo
1052 1066 1114 1108 sua
1149 1055 1272 1126 sponte
1295 1046 1371 1128 agit
1401 1048 1446 1110 de

302 1163 470 1243 capiendo
516 1163 692 1245 Iugurtha.
738 1163 828 1224 Tum
874 1181 1043 1224 summum
1078 1162 1196 1224 adiens
1233 1162 1445 1242 periculum,

302 1298 422 1360 regem
446 1278 619 1358 captiuum
643 1297 760 1339 secum
783 1278 817 1338 in
841 1285 952 1339 castra
976 1276 1076 1338 Marii
1099 1277 1201 1339 ducit.
1225 1277 1349 1339 Paullo
1364 1287 1446 1358 post

302 1401 465 1482 legimus:
490 1397 533 1488 „6
569 1393 628 1486 μὲν
665 1392 721 1462 οὖν
755 1391 1024 1491 θριαμβεύωνέ
1008 1392 1060 1462 ἐπὶ
1093 1390 1201 1488 τοότιμ
1227 1387 1402 1490 Μάριος
1383 1419 1444 1489 ην,

304 1515 352 1608 ,μὴ
380 1512 416 1581 δὲ
439 1512 517 1591 δόοιξ
542 1518 601 1582 τοῦ
623 1510 901 1608 κατορθώματος,
929 1510 1011 1607 ἣν
996 1537 1013 1581 ο
1035 1508 1113 1609 Μαρ
1117 1513 1166 1581 loo
1187 1511 1313 1608 φθόνος
1298 1511 1445 1584 Σύλλα

303 1688 326 1726 ,,
328 1631 529 1729 π,ροςετίθει
562 1630 745 1729 παρελύπει
776 1657 832 1701 τον
859 1626 988 1729 Μάριον
1016 1635 1133 1730 ἡσυχῆ
1150 1629 1206 1712 ²).''

348 1758 561 1836 Sallustium,
575 1761 669 1824 cuius
681 1759 854 1823 [altores
865 1761 900 1823 in
912 1760 987 1823 aliis
998 1761 1090 1835 uitis,
1103 1781 1228 1842 nempe
1239 1761 1274 1824 in
1286 1762 1365 1824 uitis
1377 1761 1443 1825 Lu-

303 1879 385 1941 culli
400 1878 436 1960 ³),
461 1878 574 1941 Crassi
584 1877 623 1960 ⁴),
648 1875 791 1941 Sertorii
801 1877 839 1957 ⁵),
864 1878 1009 1958 Pompei
1021 1878 1058 1958 ⁸),
1081 1878 1272 1959 inspexisse
1298 1879 1443 1954 uidetur,

302 1995 358 2057 hic
381 1995 539 2077 neglexit
562 1996 767 2058 Plutarchus
785 1994 816 2075 ⁷).

348 2111 451 2193 Quod
470 2112 600 2175 adtinet
616 2113 661 2174 ad
680 2111 893 2193 Appianum,
917 2111 1132 2174 inueniuntur
1151 2131 1232 2174 sane
1256 2114 1443 2193 quaedam,

302 2249 390 2311 quae
419 2229 519 2291 nobis
549 2228 583 2292 in
613 2229 813 2292 memoriam
843 2236 1006 2290 reuocant
1037 2228 1133 2290 locos
1163 2229 1332 2309 quosdam
1367 2227 1443 2292 Sal-

302 2346 408 2417 lustii,
432 2366 464 2408 u.
488 2367 525 2408 c:

349 2488 432 2550 ΑΡΡ.
454 2487 561 2550 Num.
584 2486 631 2570 fg.
656 2487 723 2568 43).
1064 2483 1159 2548 ὅλη.
1183 2483 1260 2568 lug.
1289 2506 1360 2548 102.

276 2629 369 2726 ,,Ὅτι
408 2635 466 2699 τοῦ
500 2625 632 2727 Μαρίου
660 2631 693 2706 ἐς
721 2625 845 2726 Κίρταν
948 2633 1094 2708 „Postea
1128 2635 1196 2695 loci
1231 2634 1351 2697 consul
1374 2635 1529 2719 (Marius)

225 2753 426 2848 ἀφικομένου
441 2749 596 2850 πρέσβεις
616 2746 748 2845 Βόκχου
764 2775 846 2847 παρ-
898 2756 992 2816 haud
1015 2754 1119 2816 dubie
1142 2755 1210 2816 iam
1232 2755 1343 2818 uictor
1365 2759 1528 2837 peruenit

224 2881 336 2969 ἦσαν,
377 2872 410 2940 οἳ
447 2869 649 2966 πεμφθῆναί
686 2896 776 2948 τινας
812 2873 846 2948 ἐς
898 2877 932 2938 in
964 2874 1125 2957 oppidum
1158 2874 1303 2950 Cirtam,
1331 2896 1400 2958 quo
1426 2879 1527 2942 initio

223 2995 340 3089 λόγους
379 2987 502 3088 Βόκχῳ
540 2991 759 3089 παρεκάλουν.
793 2991 846 3060 καλ
897 2995 1526 3080 profectusintenderat.Eopostdiem

225 3112 451 3209 ἐπέμφθησαν
483 3108 591 3191 Αὖλός
631 3138 667 3182 τε
697 3108 845 3189 Μάλλιος
898 3119 1065 3199 quintum,
1098 3139 1201 3198 quam
1232 3119 1354 3182 iterum
1385 3122 1526 3186 barbari
1639 3081 1640 3168 l

223 3239 240 3304 ὁ
263 3233 471 3333 πρεσβευτὴς
489 3235 542 3305 καλ
556 3231 745 3330 Κορνήλιος
765 3230 844 3302 Σόλ-
898 3239 990 3301 male
1005 3247 1261 3321 pugnauerant,
1277 3240 1386 3323 legati
1403 3263 1424 3304 a
1435 3244 1525 3308 Boc-

223 3357 283 3435 λας
310 3359 328 3426 ὁ
355 3354 506 3450 ταμίας.”
897 3364 962 3426 cho
985 3364 1139 3438 ueniunt,
1160 3364 1219 3444 qui
1234 3365 1329 3446 regis
1345 3368 1461 3430 uerbis
1478 3371 1523 3430 ab

349 3530 369 3612 ¹)
391 3531 437 3591 Cf.
455 3533 604 3603 Hssaau,
619 3549 649 3606 p.
665 3545 731 3605 150.
745 3562 783 3570 —
795 3528 836 3584 H.
852 3527 970 3597 Pam,
985 3526 1033 3583 die
1052 3523 1175 3598 Quellen
1189 3525 1285 3598 Plut,
1296 3545 1326 3603 p.
1339 3541 1388 3602 57.
1401 3562 1440 3570 -

299 3633 425 3704 Kame,
448 3650 478 3707 p.
502 3650 549 3702 ²4·
573 3663 607 3672 -
643 3629 691 3686 De
712 3623 941 3686 Commentariis
966 3624 1064 3682 Sullae
1086 3623 1123 3682 cs.
1146 3642 1280 3700 prooem.
1302 3645 1332 3700 p.
1356 3647 1372 3684 2
1395 3646 1440 3703 sq.

340 3729 366 3811 ²)
387 3730 432 3789 Cf.
454 3730 550 3788 PLUT.
572 3727 657 3786 Mar.
684 3746 737 3784 10.
760 3729 835 3800 ,,καὶ
854 3721 1010 3804 περιῇλθέ
1030 3750 1078 3796 τις
1097 3725 1220 3806 νέμεσις
1238 3730 1271 3788 ἐν
1290 3735 1334 3808 τῴ
1353 3727 1438 3791 τέλει

295 3844 384 3920 „uim
420 3837 567 3917 πράξεων
604 3844 749 3914 Μάριον·
785 3831 936 3917 (ἰφῃρέθη
972 3837 1032 3910 γὰρ
1064 3833 1126 3893 ὑπὸ
1156 3827 1272 3895 Σιλλλα
1297 3838 1356 3914 τὴν
1382 3843 1437 3897 τοῦ

296 3953 576 4029 Πκατορθώματος
601 3941 734 4016 logan?

341 4051 366 4128 )
390 4049 860 4127 Hmnanp156-,.Lnousp
877 4045 974 4102 18.-
989 4044 1031 4101 H.
1043 4043 1195 4113 Pensm
1216 4043 1316 4118 QP,
1327 4064 1357 4121 p.
1372 4048 1437 4104 106.

341 4151 533 4232 ⁴)HEEREN,
555 4169 585 4225 p
611 4164 740 4223 159.—
763 4147 804 4202 H
825 4143 1008 4216 Pmm,1..1
1031 4161 1060 4217 p.
1087 4160 1154 4217 109.

341 4251 366 4332 ⁵³
388 4252 538 4322 a...
561 4269 589 4325 3
617 4262 745 4322 33
675 4244 952 4413 ,ἓῑζξέῐλ
970 4242 1013 4398 1¹:31¹
1036 4261 1066 4316 3
1089 4242 1154 4397 51.

341 4349 367 4528 ⁷3
388 4448 433 4508 Cf.
456 4359 1062 4518 SALL.Iug.102-113.p

343 4547 367 4627 ⁸)
389 4547 445 4606 Ed.
468 4543 675 4605 Mendelssohn
700 4542 792 4618 1879,
813 4539 881 4598 Vol
903 4540 926 4598 Ι.
950 4557 978 4614 p.
1002 4557 1069 4614 324
