3284 5272
756 551 814 610 107

213 725 387 806 relliquias
410 723 637 786 conficiendas
660 724 796 798 missus,
819 743 944 786 nomen
964 724 1076 784 adhuc
1093 743 1133 784 ac
1150 723 1352 804 dignitatem

212 841 425 922 proconsulis
448 839 597 902 retinens
628 839 737 922 (durat
769 839 860 902 enim
889 840 999 901 honor
1022 839 1130 900 semel
1154 839 1353 920 adsumptus

213 977 321 1039 usque
345 956 390 1018 ad
412 956 559 1019 reditum
582 956 616 1019 in
645 957 804 1038 patriam)
828 957 919 1019 ultro
949 975 988 1017 se
1011 955 1142 1018 socium
1159 953 1278 1018 Sullae
1294 957 1371 1018 obv

212 1073 289 1136 tulit
305 1067 335 1154 ¹).
367 1071 564 1156 Pompeium
583 1070 672 1134 filius
684 1073 829 1154 Pompei
842 1070 1036 1146 Strabonis,
1059 1071 1094 1134 in
1116 1072 1211 1134 bello
1234 1072 1353 1134 sociali

214 1189 349 1252 Rutilio
373 1189 479 1252 additi
502 1188 610 1271 legati
630 1198 665 1252 et
688 1209 824 1270 semper
846 1187 973 1252 inimici
996 1185 1115 1251 Sullae
1127 1187 1171 1268 ²),¹
1187 1188 1222 1275 in
1237 1188 1354 1270 primis

214 1300 355 1386 operam
393 1312 566 1367 strenuam
600 1301 718 1367 Sullae
756 1303 909 1378 nauauit‚
944 1324 1012 1386 quo
1043 1302 1171 1366 factum
1210 1313 1277 1378 est,
1315 1312 1353 1367 ut

214 1419 344 1482 abolita
372 1420 565 1501 suspicione
594 1420 726 1482 iuuenis
749 1419 934 1502 Pompeius
957 1421 992 1482 in
1016 1440 1058 1483 eo
1086 1420 1214 1483 maiore
1241 1420 1353 1501 pretio

215 1547 307 1600 esset
329 1539 420 1618 apud
452 1535 602 1612 Sullam‚·
622 1556 690 1618 quo
721 1537 850 1600 maiore
872 1537 907 1599 in
939 1537 1017 1599 odio
1046 1537 1232 1618 Pompeius
1255 1547 1354 1618 pater

213 1653 341 1717 fuisset.
391 1653 573 1737 Cethegus,
608 1675 654 1716 ex
676 1654 908 1717 Marianorum
931 1652 1080 1716 factione
1109 1663 1212 1716 antea
1235 1651 1353 1716 Sullae

214 1770 462 1834 inimicissimus
485 1780 621 1834 etcum
644 1769 755 1833 Mario
780 1769 954 1851 Cinnaque
977 1769 1094 1832 Roma
1115 1771 1250 1851 pulsuS‚
1273 1779 1353 1832 tunc

215 1887 364 1969 supplex
386 1908 423 1950 se
447 1884 567 1951 Sullae
591 1887 715 1951 obtulit
738 1887 783 1949 ad
806 1885 928 1949 omnia.

260 2003 325 2066 His
357 2004 463 2086 igitur
501 2012 620 2067 auctus
646 2024 738 2067 ¹oum
773 2002 890 2065 amicis
926 2002 1086 2077 ducibus,
1125 2012 1198 2065 tum
1233 2002 1354 2083 copiis,

215 2117 327 2181 animo
351 2137 455 2199 supra
485 2138 587 2199 quam
610 2118 678 2180 dici
700 2127 815 2199 potest
845 2115 1071 2179 infensissimo
1099 2126 1214 2180 tamen
1238 2117 1354 2180 etiam-

215 2255 305 2298 nunc
337 2235 562 2309 dissimulat0‚
597 2235 737 2316 propius
772 2236 892 2296 urbem
926 2231 1221 2314 proficiscebatur,
1256 2244 1354 2296 utens

215 2349 341 2431 legatis
356 2349 522 2430 Pompeio
538 2370 579 2412 ac
600 2348 771 2431 Cetheg0,
788 2348 861 2430 ipse
877 2367 1040 2430 ueropro
1057 2349 1196 2412 consule
1212 2349 1354 2430 perinde

218 2485 259 2528 ac
281 2464 453 2528 Metellus
1222 2479 1225 2486 ·

262 2581 399 2666 Romae
422 2582 556 2645 interim
579 2583 750 2656 homineS,
773 2591 984 2663 reputantes,
1004 2601 1107 2663 quam
1130 2574 1263 2645 Sullam
1275 2603 1355 2645 exa·

216 2698 401 2780 gitassent,
433 2719 511 2761 cum
534 2698 715 2761 diruissent
747 2699 886 2760 domum
910 2698 982 2760 eius
1004 2700 1163 2780 bonaque
1186 2699 1355 2780 publicas·

216 2824 307 2888 sent,
338 2834 482 2877 uxorem
513 2824 547 2878 et
566 2816 705 2878 liberos
736 2813 822 2897 fuga
853 2803 1002 2878 euadere
1034 2815 1229 2898 coegissent
1251 2825 1354 2898 atque

216 2940 396 2994 necassent
420 2931 563 3006 amicos,
587 2932 622 2994 in
645 2951 773 3014 magno
797 2932 1022 2994 uersabantur
1045 2931 1175 2994 timore.

260 3047 397 3110 Bellum
421 3058 550 3122 autem,
567 3048 659 3130 quod
675 3048 797 3111 dicitur
813 3045 1007 3121 Sullanum,
1029 3047 1160 3110 initium
1179 3047 1285 3128 cepit,
1310 3067 1354 3109 ex
1398 3133 1401 3140 Ι

217 3183 285 3245 quo
319 3161 417 3227 Sulla
451 3165 681 3228 Brundusium
710 3164 842 3245 adpulit
873 3163 910 3227 C.
941 3163 1105 3226 Norbano
1132 3162 1169 3226 L.
1194 3160 1355 3244 Scipione

218 3278 311 3344 Coss
340 3280 370 3360 ³).
517 3360 519 3363 Ι

261 3393 421 3458 Omnium
455 3397 601 3477 primum
637 3397 681 3459 ad
717 3395 901 3460 Canusium
936 3416 1013 3459 cum
1042 3395 1205 3458 Norbano
1236 3415 1355 3457 manus

217 3522 461 3574 conseruerunt
491 3513 727 3593 proconsules;
760 3512 956 3576 ceciderunt
982 3522 1097 3575 autem
1120 3511 1171 3574 VI
1194 3511 1287 3573 milia
1311 3531 1356 3573 ex

217 3627 371 3690 exercitu
395 3627 558 3703 consulis,
583 3629 803 3710 septuaginta
826 3637 958 3690 tantum
985 3627 1048 3690 uiri
1070 3627 1214 3709 ecopiis
1237 3623 1355 3690 Sullae

217 3743 332 3805 multis
355 3753 471 3806 tamen
495 3744 662 3807 sauciatis.

265 4035 285 4118 ¹)
307 4040 354 4098 De
375 4039 497 4098 Metello
518 4037 572 4099 Pio
594 4039 631 4099 cf.
653 4059 681 4116 p.
706 4059 743 4098 20
765 4049 827 4100 not.
850 4041 878 4099 6.
1017 4093 1019 4096 .

259 4135 284 4218 ²)
306 4139 353 4196 De
374 4139 430 4198 Cn.
452 4137 597 4215 Pompeio
618 4139 764 4198 Strabone
786 4138 823 4198 cf.
846 4158 875 4215 p.
900 4158 936 4215 ²3
959 4147 1023 4197 not.
1048 4157 1072 4212 13
1095 4157 1124 4214 p.
1142 4157 1181 4214 34
1189 4159 1198 4214 3
1220 4157 1249 4214 p.
1266 4139 1314 4210 48.

259 4235 284 4317 ³)
304 4239 382 4296 Aee.
403 4239 427 4296 1.
450 4239 489 4312 84
509 4236 589 4297 init:
614 4238 852 4322 „divumddwv
871 4240 975 4304 οὐσῶν
993 4242 1110 4305 ἑκατόν
1132 4237 1354 4324 ἑβδομήκοντα

217 4347 272 4409 καὶ
297 4344 492 4430 τεσσάρων.”
515 4346 630 4405 Bellum
651 4344 739 4424 igitur
760 4344 865 4422 incipit
886 4363 913 4405 a.
930 4346 965 4406 C.
981 4347 1019 4421 83
1033 4371 1074 4398 z
1088 4344 1137 4404 Ol.
1155 4361 1252 4421 174‚1
1276 4363 1355 4404 anno

218 4451 389 4510 consulatus
411 4451 446 4510 C.
468 4450 605 4516 Norbani
629 4461 659 4511 et
680 4453 714 4510 L.
735 4449 890 4528 Scipionis.
913 4451 959 4511 Cf.
981 4452 1159 4525 Mouusnu
1186 4452 1218 4512 C.
1231 4451 1258 4510 I.
1269 4451 1315 4524 L,
1330 4451 1354 4509 Ι.
1412 4445 1415 4451 ’

219 4569 249 4628 p·
274 4569 348 4628 4393
373 4551 430 4625 538
452 4568 496 4627 sq·
