3286 5272
906 535 946 594 34

356 710 572 773 tenebricosa
606 707 754 791 quadam
790 711 906 773 casula
940 710 1224 792 requiescentem,
1261 712 1496 777 intromittunt.

356 825 428 891 Sed
452 826 590 906 Gallus,
619 828 839 910 splendorem
868 827 959 910 ignis
983 848 1002 890 e
1033 827 1135 890 Marii
1158 828 1267 892 oculis
1291 828 1495 893 emicantem

357 964 435 1006 cum
469 943 592 1017 cernit,
628 951 758 1006 terrore
794 942 909 1005 statim
938 943 1133 1024 conripitur.
1179 944 1228 1007 Ut
1254 964 1337 1007 uero
1368 945 1498 1008 Marius

357 1058 546 1123 exclamat:
585 1069 686 1134 „tune
717 1059 823 1122 audes
860 1057 1051 1122 interficere
1087 1057 1123 1122 C.
1153 1058 1299 1122 Marium
1307 1060 1353 1133 ?'’,
1378 1060 1500 1125 Gallus

301 1199 305 1208 ·
356 1176 503 1258 pauidus
526 1197 546 1238 e
571 1174 728 1238 cubiculo
752 1173 883 1257 effugit.

401 1293 491 1355 Tum
513 1291 733 1374 magistratus
755 1291 1007 1354 Mintumenses
1034 1292 1195 1354 continuo
1210 1291 1357 1356 Marium
1373 1315 1418 1355 ex
1438 1314 1498 1376 op·

356 1409 438 1492 pido
454 1409 634 1474 dimittunt.
658 1407 725 1470 Hic
748 1408 895 1489 primum
915 1408 949 1470 in
961 1408 1100 1490 tugurio
1124 1410 1272 1489 quodam
1292 1410 1500 1491 aliquamdiu

357 1526 511 1608 quiescit.
535 1525 662 1587 Postea
683 1524 763 1586 naui
786 1524 985 1606 piscatoria,
1014 1513 1107 1605 quae
1126 1524 1214 1588 forte
1237 1524 1374 1588 fortuna
1384 1527 1501 1590 stabat

357 1644 391 1706 in
421 1643 537 1714 litore,
574 1661 760 1704 conscensa
789 1641 824 1703 in
847 1641 991 1704 insulam
1015 1643 1185 1723 quandam
1209 1642 1376 1719 defertur,
1407 1645 1500 1706 unde

356 1760 390 1821 in
414 1758 569 1821 Africam
592 1758 713 1821 traicit.
746 1757 806 1820 Ad
830 1778 907 1820 eum
931 1769 1003 1820 tum
1027 1756 1228 1840 confugiunt
1251 1759 1351 1823 amici
1375 1759 1500 1823 Cethe·

357 1896 437 1958 gus,
463 1873 624 1949 Granius,
647 1874 754 1955 ipsius
777 1873 877 1936 Marii
901 1872 1004 1948 filius,
1028 1874 1094 1936 alii.

401 1992 538 2054 Interea
569 1990 661 2052 domi
684 1987 725 2071 Q.
756 1989 942 2070 Pompeius
979 1991 1097 2052 consul
1131 1999 1272 2054 necatur
1301 2011 1369 2054 non
1391 1991 1499 2055 inuito

357 2107 416 2172 Cn.
440 2107 606 2189 Pompeio
630 2104 809 2170 Strabone.
857 2103 956 2169 Sulla
979 2105 1133 2188 Capuam
1157 2117 1192 2170 et
1215 2107 1294 2169 inde
1317 2108 1352 2169 in
1375 2108 1499 2171 Asiam

358 2227 402 2288 ad
435 2225 565 2287 bellum
600 2245 678 2286 cum
716 2223 861 2285 Pontico
900 2244 984 2305 rege
1031 2224 1223 2305 gerendum
1261 2223 1498 2306 proficiscitur.

356 2342 442 2404 Mox
475 2341 612 2404 Rornae
646 2340 810 2402 tumultus
846 2349 881 2402 et
919 2340 1103 2402 seditiones
1134 2361 1155 2402 a
1190 2339 1349 2403 Cinnanis
1379 2349 1500 2404 contra

357 2457 518 2523 Sullanos
542 2456 762 2519 concitantur.
808 2455 938 2517 Marius
966 2477 1013 2517 ex
1043 2455 1162 2518 Africa
1184 2456 1219 2518 in
1241 2456 1386 2537 patriam
1409 2456 1500 2518 redit

357 2574 545 2654 urbemque
569 2592 647 2635 cum
664 2571 772 2635 Cinna
792 2580 981 2653 expugnat.
1005 2570 1065 2634 Ab
1082 2572 1147 2645 eiS,
1163 2573 1197 2633 in
1214 2591 1339 2634 annum
1355 2593 1499 2653 sequen-

356 2700 427 2752 tem
451 2689 647 2752 consulibus
670 2687 809 2759 creatis
834 2687 943 2750 Cinna
965 2688 1097 2761 iterum,
1112 2686 1223 2750 Mario
1239 2688 1382 2768 septies,
1399 2688 1499 2750 multi

356 2806 613 2887 proscribuntur
637 2802 776 2867 Sullani.
800 2803 851 2866 At
874 2804 1003 2865 Marius
1027 2785 1180 2884 quidem,¹
1204 2805 1312 2866 multa
1323 2813 1358 2866 et
1370 2805 1497 2866 acerba

358 2930 477 2984 contra
499 2919 632 2983 Sullam
654 2921 689 2980 in
711 2929 851 3000 pectore
875 2918 1010 2992 fouens,
1040 2919 1151 3000 primo
1182 2908 1401 3001 magistratus
1424 2919 1497 2983 initi

357 3058 474 3100 mense
498 3037 589 3099 diem
612 3035 685 3099 obit
708 3055 911 3116 supremum.

402 3153 526 3216 Paucis
561 3153 716 3234 exceptis
756 3172 869 3214 rerum
900 3152 1070 3231 expositio
1102 3151 1255 3234 Appiani
1285 3171 1497 3234 magnopere

358 3269 471 3333 differt
494 3290 515 3332 a
537 3268 729 3331 narratione
753 3267 937 3330 Plutarchi.
962 3265 1064 3349 Quod
1086 3269 1233 3330 cernitur
1257 3277 1292 3330 et
1315 3269 1350 3329 in
1362 3267 1399 3330 P.
1420 3265 1496 3331 Sul-

358 3387 438 3469 picii
472 3383 556 3448 Rufi
585 3405 751 3467 personae
776 3404 816 3446 ac
840 3403 972 3447 morum
996 3384 1243 3465 descriptione,
1269 3394 1304 3446 et
1326 3384 1361 3445 in
1383 3403 1496 3445 narra·

358 3504 450 3566 tione
474 3521 626 3564 errorum
649 3501 750 3563 Marii
773 3500 925 3581 bellique
949 3499 1101 3562 Cinnani.

403 3619 592 3681 Videamus
614 3618 761 3698 primum
784 3618 827 3677 de
855 3613 1016 3696 Sulpicio.

403 3735 648 3816 Praeterquam
683 3734 775 3815 quod
809 3734 852 3793 de
876 3732 942 3794 hoc
976 3731 1112 3794 tribuno
1136 3731 1342 3795 Plutarchus
1366 3741 1401 3794 et
1424 3730 1496 3813 Ap·

358 3853 479 3934 pianus
500 3851 645 3924 habent,
668 3850 830 3931 leguntur
845 3848 1015 3928 quaedam
1031 3850 1123 3930 apud
1139 3847 1339 3911 Ciceronem
1355 3857 1390 3910 et
1405 3849 1497 3929 apud

358 3968 540 4031 Velleium.
586 3965 739 4049 Quorum
775 3965 978 4046 scriptorum
1012 3965 1170 4028 uidentur
1200 3962 1356 4027 Velleius
1386 3964 1497 4026 minus

359 4105 440 4148 uere
474 4085 609 4147 locutus
643 4102 733 4156 esse,
760 4059 962 4143 Plutarchus
991 4100 1172 4162 personam
1196 4078 1339 4162 Sulpicii
1364 4080 1399 4142 in
1421 4099 1497 4161 pra-

358 4221 439 4264 uum
450 4199 642 4272 detorsisse,
655 4197 776 4260 Cicero
792 4216 873 4258 uero
888 4207 923 4259 et
935 4196 1116 4278 Appianus
1127 4196 1310 4279 benignius
1320 4195 1497 4258 iudicasse.

405 4316 471 4380 Cre.
495 4315 535 4377 de
567 4315 624 4377 Or.
647 4313 707 4375 ΙΙΙ.
734 4335 761 4390 3.
791 4335 838 4374 11.
871 4309 1062 4392 „Sulpicius
1084 4322 1201 4375 autem
1219 4349 1260 4356 -
1279 4349 1336 4385 —,
1360 4312 1497 4392 quibus·

363 4451 458 4506 „cum
493 4430 646 4513 priuatus
681 4427 955 4491 coniunctissime
984 4427 1133 4502 uixerat,
1168 4427 1232 4490 hos
1263 4427 1297 4488 in
1324 4427 1497 4489 tribunatu

362 4547 527 4630 „spoliare
550 4545 693 4608 instituit
705 4544 797 4606 omni
813 4539 990 4625 dignitate.
1015 4542 1077 4606 Cui
1093 4543 1245 4624 quidem,
1269 4542 1312 4604 ad
1329 4561 1495 4604 summam
