3284 5272
500 1207 778 1296 CAPUT
841 1211 893 1295 V.

185 1601 400 1676 QUOMODO
433 1601 564 1662 sumn
596 1602 881 1664 PRINCIPATOM
911 1591 983 1662 Rei
1012 1605 1216 1666 PUBLICAE

242 1727 542 1802 AOQuisivan
572 1730 616 1787 nu
647 1728 779 1788 BELLO
811 1730 953 1803 crunt,
987 1733 1152 1790 neuun

460 1853 649 1928 EXORTO,
681 1854 933 1916 EXPONOOR.

213 2555 450 2608 Recensentur
468 2567 557 2620 quae
576 2555 783 2611 Plutarchus
803 2557 838 2610 et
856 2556 1037 2622 Appianas
1054 2556 1120 2610 hac
1138 2557 1181 2611 de

439 2664 478 2705 re
495 2651 682 2706 memoriae
700 2651 944 2717 prodiderunt.

370 2777 451 2822 PLUT.
468 2777 531 2823 Sull.
548 2779 640 2836 27-38
658 2796 681 2820 :
697 2777 759 2822 ΑΡΡ.
777 2777 806 2822 B.
827 2776 850 2822 C.
866 2777 884 2821 1.
901 2779 1017 2834 79-106.

168 2945 269 3008 PLOT.
294 2943 379 3009 Sall.
406 2952 546 3026 27—38.
581 2946 649 3008 Per
671 2946 887 3009 Thessaliam
909 2955 945 3009 et
960 2945 1200 3010 Macedoniam
1219 2949 1263 3010 ad

123 3081 219 3124 mare
247 3060 436 3144 profectuS,
466 3063 584 3126 statuit
613 3060 711 3127 Sulla
734 3063 815 3125 mile
837 3072 873 3126 et
895 3064 1050 3126 ducentis
1072 3065 1218 3127 nauibus
1241 3085 1263 3126 a

123 3177 342 3262 Dyrrhachio
357 3179 502 3242 traicere
517 3179 753 3242 Brundusium.
778 3178 864 3242 Cum
879 3188 1060 3255 metueret,
1077 3200 1121 3242 ne
1136 3179 1262 3242 milites

124 3293 339 3375 adprehensa
361 3294 462 3358 Italia
485 3297 530 3358 ab
552 3295 628 3376 ipso
651 3295 892 3370 dilaberentur,
915 3295 1063 3376 primum
1089 3295 1154 3377 ipsi
1176 3295 1262 3358 iura·

122 3417 218 3487 runt,
246 3410 335 3472 ultro
358 3431 396 3472 se
420 3430 498 3472 cum
521 3408 619 3474 Sulla
647 3430 832 3474 mansuros
879 3412 968 3473 Tum
991 3409 1091 3475 Sulla
1113 3432 1173 3474 eos
1195 3421 1262 3475 tra·

123 3525 215 3589 misit
244 3536 362 3590 contra
389 3527 582 3608 quindecim
609 3528 752 3591 hostiles
781 3529 885 3591 duces
914 3548 991 3591 cum
1015 3529 1262 3611 quinquaginta

124 3652 160 3705 et
183 3641 379 3726 quingentis
402 3643 607 3706 cohortibus
653 3643 757 3706 Breui
779 3652 858 3725 post
877 3643 1024 3706 Marium
1040 3643 1210 3707 Iuniorem
1227 3654 1262 3707 et

123 3758 322 3821 Norbanum
357 3760 533 3821 consulem
566 3759 601 3821 in
640 3759 827 3841 Campania
860 3759 1067 3843 profligauit.
1119 3760 1260 3844 Septem

125 3874 261 3936 milibus
292 3874 400 3937 caesis
421 3873 620 3937 Norbanum
643 3874 795 3957 Capuam
820 3876 972 3957 conpulit
992 3886 1094 3958 atque
1115 3877 1259 3940 inclusit.

125 3988 253 4054 Seruus
276 3990 404 4066 Pontii,
421 3989 611 4055 Samnitum
635 3991 746 4066 ducis,
771 3992 815 4054 ad
838 3989 971 4056 Sullam
994 3993 1103 4068 uenit,
1127 3993 1258 4068 dicem,

124 4108 188 4170 nisi
210 4116 411 4182 maturaret,
435 4106 641 4188 Capitolium
665 4107 779 4170 statim
802 4108 976 4171 incensum
998 4108 1080 4172 fore.
1110 4109 1152 4171 Id
1168 4111 1260 4191 quod

125 4243 166 4285 eo
191 4242 293 4304 quem
316 4223 449 4286 dixerat
471 4223 527 4285 die
551 4223 689 4298 accidit,
713 4223 870 4286 nimirum
891 4225 1000 4306 pridie
1023 4225 1139 4287 Nonas
1155 4224 1259 4307 Quin-

125 4339 210 4402 tiles.
256 4338 303 4402 M.
327 4338 505 4415 LuculluS,
528 4359 615 4401 unus
639 4359 659 4401 e
683 4337 802 4402 Sullae
825 4341 965 4422 legatiS,
988 4339 1092 4403 frater
1107 4341 1257 4418 Luculli,

125 4455 182 4536 qui
204 4465 325 4537 postea
340 4454 584 4519 Mithradatem
607 4465 643 4519 et
656 4456 844 4538 Tigranem
858 4457 893 4518 in
908 4457 1002 4519 bello
1017 4457 1259 4521 Mithradatico

129 4571 230 4634 tertio
268 4570 363 4645 uicit,
402 4573 493 4652 apud
530 4571 723 4634 Fidentiam
761 4592 838 4634 cum
876 4573 1023 4635 sedecim
1064 4574 1259 4638 cohortibus
