3284 5272
741 533 801 590 139

721 790 816 854 VIII.

244 1017 327 1080 App.
350 1019 392 1080 B.
423 1018 456 1080 C.
481 1018 512 1091 I,
538 1038 579 1095 99
605 1017 667 1098 (ed.
692 1015 952 1091 Mendelssohn‚
978 1017 1063 1078 Tbn.
1093 1018 1278 1090 1881‚uol.
1290 1017 1339 1091 11,

199 1158 231 1218 p.
257 1137 332 1218 664)
380 1129 491 1225 ,οὕτω
535 1131 594 1223 μὲν
640 1130 682 1227 δὴ
718 1128 886 1223 Ρωμαῖοι,
916 1129 1103 1230 βασιλεῦσιν
1132 1131 1237 1228 ὑπὲρ
1265 1130 1339 1210 τὰς

199 1248 357 1347 ἑξήκοντα
394 1257 489 1337 (coni.
522 1251 686 1339 Schwgh.
721 1275 784 1337 pro
821 1247 952 1344 έκατδν)
980 1247 1184 1342 ὀλυμπιάδας
1211 1249 1341 1347 χρησά-

198 1393 309 1463 μενοι,
350 1369 403 1439 ἐπί
443 1366 603 1447 δ’ἐκείνοις
643 1368 848 1466 δημοκρατίᾳ
894 1394 930 1440 τε
956 1369 1008 1439 καλ
1036 1368 1170 1448 ὑπάτοις
1197 1371 1341 1466 ἐτησίοις

197 1486 377 1585 προςάταις
408 1489 450 1566 ἐς
477 1485 612 1567 ἄλλας
638 1490 785 1558 ἑκατδν
808 1486 1033 1584 ὀλυμπιάδας,
1048 1487 1144 1566 αὖθις
1159 1490 1338 1586 ἐπειρῶντο

199 1607 382 1706 βασιλείας,
411 1606 622 1700 ὀλυμπιάδων
658 1607 766 1677 οὐσῶν
795 1611 828 1678 ἐν
855 1605 1020 1705 Ἕλλησιν
1049 1610 1164 1679 ἓκατδν
1197 1609 1339 1708 ἑβδομη-

197 1751 295 1796 κοντα
321 1729 465 1820 πέντε,
492 1726 559 1796 καί
593 1726 724 1805 οὐδενδς
751 1728 785 1797 ἐν
813 1723 979 1824 Ὀλυμπίᾳ
1006 1727 1081 1800 τότε
1108 1728 1339 1822 ἀγωνίσματος

198 1846 286 1942 πλὴν
314 1845 427 1926 ςαδίου
454 1845 579 1943 δρόμου
606 1847 830 1941 γιγνομένου.”
897 1899 906 1914 .

243 1972 311 2033 Pro
336 1965 438 2062 ὑπὲρ
470 1963 548 2044 τὰς
575 1974 643 2054 leg.
668 1967 718 2044 ἐς.

244 2090 312 2152 Pro
337 2085 377 2162 ἐς
405 2082 535 2164 ἄλλας
562 2087 708 2156 ἑκατδν
733 2093 801 2176 leg.
836 2087 941 2185 ὑπὲρ
977 2087 1051 2165 τὰς
1085 2089 1253 2158 ἑκατδν.

141 2293 145 2297 ι
243 2208 311 2270 Pro
338 2205 484 2298 πέντε,
511 2205 576 2275 καί
604 2211 673 2294 leg.
698 2207 764 2277 καί
789 2206 1025 2305 τεσσάρων,

735 2461 801 2525 ΙΧ.

243 2689 372 2750 ATHEN.
402 2687 509 2763 XIV,
533 2708 565 2769 p.
591 2696 653 2767 657
684 2687 706 2751 ί.
730 2688 793 2769 (ed.
818 2686 981 2770 Schwgh.
1004 2689 1206 2770 Argentor.,
1239 2696 1339 2768 1805,

198 2819 278 2872 tom.
310 2808 356 2883 V,
373 2829 412 2902 ¹p.
441 2811 532 2889 394):
580 2802 690 2898 ,λέγει
717 2801 780 2900 γὰρ
809 2802 843 2898 (ὁ
871 2801 1048 2902 Στράβων)
1077 2803 1204 2874 αὐτδν
1232 2807 1265 2876 ἐν
1293 2812 1337 2902 τη

199 2921 328 3022 ἑβδόμη
355 2928 416 3018 τῆς
442 2921 546 3020 αὐτῆς
572 2924 800 3021 πραγματείας
827 2925 1003 3017 ἐγνωκέναι
1021 2920 1262 3020 Ποσειδώνιον,
1282 2926 1337 2996 τδν

199 3043 265 3113 ἀπδ
305 3047 366 3138 τῆς
406 3047 485 3122 ςοοῖς
519 3043 723 3139 φιλόσοφον,
760 3043 798 3114 οὔ
824 3040 981 3121 πολλάκις
1009 3042 1212 3141 μεμνήμεθα
1237 3073 1269 3114 <
1305 3068 1335 3110 >

198 3163 440 3256 συγγενομένου
468 3161 696 3259 Σκιπίωνιτῷ
723 3165 785 3260 τὴν
812 3158 1023 3261 Καρχηδόνα
1050 3161 1185 3234 έλόντι.”

242 3290 438 3352 Delendum
472 3281 590 3366 αὺτδν,
618 3293 675 3355 uel
702 3302 875 3374 transpon.
904 3301 983 3372 post
1006 3284 1252 3381 πραγματείας,
1281 3292 1338 3353 uel

199 3410 267 3494 leg.
317 3404 425 3484 αὐτάς.
490 3412 677 3474 Inserenda
719 3421 797 3492 post
843 3401 1048 3501 μεμνημεδα
1093 3410 1180 3473 haec
1215 3411 1338 3472 verba:

201 3522 395 3621 μαθητοῦ
423 3522 672 3620 Παναιτίου,
700 3529 774 3595 τοῦ

745 3780 793 3842 Χ.

244 4013 349 4074 Inue.
372 4012 440 4087 III,
470 4018 547 4087 116,
580 4035 590 4073 1
622 4003 747 4104 ,ἐρρύη
778 4049 823 4056 --ψ
858 4007 892 4076 ἐν
919 4011 963 4102 τη
992 4004 1139 4101 Σικελίᾳ”
1173 4013 1222 4076 sic
1255 4013 1338 4095 lego

200 4131 390 4213 (expunctis
423 4121 536 4222 ὥσπερ
573 4125 625 4195 καλ
652 4126 689 4196 τδ
716 4125 909 4223 πράτερον);
941 4123 1067 4222 ,ἐρρύη
1094 4125 1130 4195 δέ
1156 4126 1231 4223 περί
1257 4125 1338 4196 αὐτδ

199 4244 236 4313 τδ
272 4243 331 4340 ἔαρ
371 4249 468 4314 τοῦτο
509 4246 526 4314 ὁ
568 4242 647 4341 ράαΕ
681 4250 738 4314 τοῦ
771 4246 875 4342 πυρδς
915 4246 950 4315 ἐκ
977 4251 1038 4342 τῆς
1063 4241 1202 4342 Αἴτνης,
1232 4243 1336 4342 ὅπερ

201 4361 375 4456 μέγιςάν
415 4365 501 4443 ἐςιν
535 4362 634 4460 δρος
669 4365 712 4434 ἐν
746 4369 799 4460 τη
834 4363 1021 4460 Σικελίογ.
1076 4364 1128 4434 καί
1162 4371 1225 4461 γῆν
1266 4388 1338 4434 τινα

199 4479 334 4579 ἔφθειρε
360 4487 426 4553 τῶν
446 4478 666 4578 Καταναίων,
695 4483 728 4552 οί
753 4485 816 4552 δπδ
843 4481 979 4579 τούτῳ
1005 4489 1054 4579 τῖρ
1073 4483 1141 4581 δρει
1160 4480 1333 4554 οἰκοδσιν.”
