3284 5272
896 563 938 620 90

397 733 474 796 Hoc
497 754 604 816 praue
627 734 812 797 indicatum
836 755 911 797 esse
938 735 1152 800 manifestum
1177 747 1229 800 est
1247 735 1275 818 ¹).
1321 738 1376 799 Ita
1398 738 1478 798 enim

351 850 454 912 Troia
476 849 589 913 diruta
612 859 702 912 esset
726 852 770 912 ab
799 850 1063 934 Agamemnone
1092 875 1174 931 1¹34
1199 874 1228 916 a.
1253 853 1288 916 C.
1311 874 1358 927 n.‚
1383 873 1480 934 quare

351 965 471 1028 merito
506 965 672 1027 Iordanus
695 965 838 1040 conicit,
863 986 925 1048 pro
959 959 1164 1057 πεντήκοντα
1201 967 1388 1049 legendum
1411 987 1480 1028 esse

351 1078 467 1148 ἑκατόν
487 1077 517 1158 ²).

504 1260 586 1324 App.
612 1281 663 1339 52.
1171 1260 1272 1325 Osos,
1299 1262 1342 1324 l.l.

326 1401 384 1498 ,,(ὁ
418 1403 454 1473 δὲ
478 1401 655 1504 Φιμβρίας)
693 1373 819 1476 αὐσόν
851 1431 894 1477 τε
995 1403 1183 1485 „(Fimbria)
1206 1404 1387 1467 stationem
1410 1405 1553 1486 regisin-

275 1524 458 1625 βασιλέα
490 1528 745 1607 συνεδίωξεν
780 1531 820 1606 ἐς
846 1529 894 1598 τὶν
946 1520 1041 1583 uadit
1072 1518 1249 1604 ipsumque
1279 1517 1558 1603 Pergamopellz'l

274 1642 510 1743 Πέργαμον·
538 1649 605 1719 καὶ
632 1650 673 1726 ἐς
700 1647 893 1745 Πντάνην
937 1635 1202 1721 fragrantemque
1218 1635 1390 1700 insecutus
1405 1633 1555 1720 apusz'-

275 1763 625 1865 ἐκτοῦΠεργάμου
644 1769 894 1864 διαφυγόντα
946 1756 1062 1816 mmm
1087 1753 1246 1816 Obsedit·”

275 1884 465 1956 ἐπελθὼν
494 1887 825 1987 ἀπετάφρευεν.”

452 2087 534 2151 App.
560 2108 600 2166 55
626 2099 711 2151 extr.
1124 2087 1267 2149 Eurnoe.
1292 2086 1333 2148 V.
1360 2106 1387 2163 7.

327 2231 402 2322 „rol
437 2228 564 2310 Σύλλας
599 2232 661 2327 τὴν
695 2233 729 2302 ἐν
765 2232 894 2329 τοσῷδε
995 2227 1153 2300 „Interim
1193 2247 1235 2288 eo
1273 2235 1429 2306 ternpore
1467 2224 1560 2288 Sulla
1620 2281 1621 2314 p

274 2351 389 2448 ἀργίαν
413 2349 638 2445 διατιθέμενος
665 2349 815 2430 Ἐνετοὺς
842 2354 894 2423 καὶ
946 2343 1050 2405 etiam
1062 2343 1252 2415 Dardanos
1265 2339 1473 2416 Scordiscos,
1482 2341 1560 2403 Dal·
1620 2375 1621 2380 .

274 2467 464 2568 Δαρδανέας
512 2473 571 2542 καὶ·
612 2471 745 2550 {urolt
792 2472 893 2542 ἐπιὼν
946 2467 1056 2520 maias
1086 2467 1121 2520 θῖ
1151 2458 1296 2528 MaedOS
1323 2458 1447 2539 Partim
1469 2457 1560 2531 uicit,

274 2589 440 2688 ἐπόρθεν,”
947 2575 1033 2638 alios
1056 2575 1092 2637 in
1113 2573 1217 2638 fidem
1240 2575 1391 2656 accepit;
1412 2576 1473 2638 sed
1488 2595 1561 2638 cum

947 2691 1056 2773 legati
1089 2713 1110 2754 a
1145 2712 1230 2774 rege
1253 2692 1477 2766 Mithradate,
1507 2693 1561 2773 qui

475 2773 524 2836 Id·
549 2780 591 2851 5⁶
615 2775 684 2837 init·
946 2828 1068 2889 pacem
1091 2811 1269 2889 petebant,
1292 2808 1492 2871 uenissent.”

325 2913 516 3007 υἐλθόντων
538 2916 575 2985 δὲ
592 2923 658 2985 τῶν
675 2913 893 3014 Μιθραδάτου

273 3034 478 3134 πρέσβεων.”

397 3362 416 3442 1)
439 3364 509 3423 Hoc
519 3384 612 3423 unum
627 3363 831 3424 testimonium
842 3386 858 3424 e
868 3365 1002 3442 pluribus
1017 3377 1070 3440 est,
1084 3365 1255 3443 Appianum
1267 3366 1491 3445 chronologiam

349 3481 410 3521 non
431 3482 545 3522 curare.
591 3465 683 3523 Haud
704 3484 777 3524 uero
793 3463 874 3524 idem
896 3464 1057 3525 dicendum
1074 3484 1137 3524 esse
1159 3467 1197 3525 de
1211 3468 1288 3524 App.
1300 3468 1355 3539 46,
1378 3483 1433 3539 47,
1452 3469 1492 3538 48

347 3561 408 3621 iam
430 3582 459 3639 p.
483 3565 522 3638 83
544 3582 588 3639 sq.
610 3563 743 3640 exposui.
777 3563 929 3636 Vidimus,
947 3563 1118 3641 opinionem
1135 3563 1258 3624 Iordani
1279 3583 1359 3639 esse,
1382 3584 1429 3624 res
1450 3565 1492 3624 eis

349 3681 469 3740 quoque
490 3661 562 3721 locis
583 3663 623 3722 ab
637 3663 779 3740 Appiano
799 3662 919 3722 inuerso
939 3662 1044 3723 ordine
1066 3682 1129 3723 esse
1150 3673 1300 3738 narratas,
1312 3663 1490 3741 epitomato-

348 3782 411 3821 rem
426 3771 528 3821 autem
543 3761 619 3821 Liuii
632 3762 831 3822 defectionem
847 3761 965 3823 urbium
980 3775 1062 3822 recte
1082 3773 1151 3840 post
1172 3782 1305 3841 pugnam
1319 3763 1359 3822 ad
1374 3763 1491 3824 Orcho

349 3881 470 3920 menum
492 3860 657 3921 tradidisse.
701 3863 771 3921 Hoc
792 3881 865 3922 uero
886 3862 954 3921 loco
974 3859 1083 3921 iterum
1097 3881 1160 3939 per.
1176 3863 1319 3921 LXXXII
1336 3863 1491 3921 conferens

349 3981 419 4020 cum
434 3964 510 4020 App,
529 3979 581 4038 54,
598 3959 671 4020 dicit
686 3961 832 4021 Iordanus
846 3981 876 4038 p.
894 3977 928 4037 51
946 3961 987 4021 ad
1002 3963 1094 4022 uerba
1115 3962 1299 4036 „Archelaus
1313 3981 1383 4020 cum
1397 3961 1491 4020 classe

349 4060 432 4139 regia
452 4061 549 4120 Sullae
571 4079 602 4120 se
624 4059 778 4119 tradidit’':
801 4061 971 4136 „notandus
992 4070 1037 4120 est
1057 4080 1140 4120 error
1162 4059 1241 4134 eius,
1263 4059 1313 4137 qui
1334 4059 1491 4136 periochas

349 4159 541 4237 conscripsit;
563 4159 673 4219 tradita
692 4159 771 4219 enim
793 4170 837 4219 est
859 4159 960 4219 classis
981 4159 1063 4238 regia
1082 4179 1158 4237 pace
1179 4160 1302 4221 demum
1323 4160 1489 4224 coniecta.”

349 4262 410 4322 Ita.
441 4258 541 4318 classis
563 4259 689 4318 traditur
718 4259 840 4318 demum
861 4269 1021 4335 postquam
1042 4260 1081 4319 de
1106 4277 1181 4336 pace
1203 4253 1380 4337 pepigerant
1400 4256 1488 4338 (ΑΡΡ.

351 4378 365 4436 5
372 4358 416 4439 5)·;
439 4378 545 4418 uerum
565 4377 674 4436 quare,
696 4377 765 4417 cum
786 4357 835 4416 hic
856 4357 1037 4436 epitomator
1056 4357 1086 4417 in
1107 4378 1208 4419 errore
1228 4367 1378 4431 uersetur,
1399 4367 1490 4435 negat

349 4461 508 4532 IordanuS,
530 4456 610 4518 idem
632 4458 732 4517 ualere
752 4457 791 4517 de
812 4456 988 4536 expugnatis
1009 4476 1028 4517 a
1051 4477 1121 4536 rege
1142 4457 1173 4517 in
1195 4457 1268 4517 Asia
1289 4456 1432 4518 urbibus?

394 4557 419 4638 ²)
441 4561 581 4634 IoRDAN„
605 4579 633 4635 p.
658 4576 695 4636 50
715 4567 778 4617 not.
801 4578 829 4633 3.
