3286 5272
684 543 723 600 53

180 721 278 783 Pru'r.
297 721 339 783 l.l.
366 713 495 809 ,,οὖτος
511 717 570 808 μὲν
586 715 653 799 οὖν,
677 717 768 812 πρὶν
788 715 992 794 εἰςελθεῖν
1012 717 1081 785 τὸν
1101 712 1273 814 Μάριον,

129 835 197 902 ὕπο
224 840 290 903 τῶν
318 835 607 932 προπεμφθέντων
635 834 851 932 ἐσφάττετο.”

177 962 304 1025 Contra
327 966 371 1027 ab
395 964 557 1046 Appiano
580 967 622 1028 B.
649 967 683 1030 C.
707 965 733 1041 I,
753 986 794 1046 70
807 973 842 1028 et
856 985 893 1044 71
911 964 1089 1028 etaLiuio
1102 966 1145 1029 l.l.
1158 985 1213 1030 res
1226 967 1274 1028 in-

126 1098 232 1141 uerso
257 1080 374 1142 ordine
397 1091 560 1144 narratur.

176 1195 271 1258 Inter
305 1216 382 1271 eos,
405 1198 463 1279 qui
486 1199 579 1261 iussu
603 1199 704 1261 Marii
727 1208 763 1262 et
792 1197 922 1262 Cinnae
944 1199 1058 1262 necati
1082 1198 1165 1272 sint,
1190 1199 1273 1261 Piu-

126 1332 278 1376 TARcuus
301 1323 457 1377 recenset
476 1313 658 1378 0444444444
674 1315 755 1397 (44),
779 1313 997 1378 Ancharium
1014 1315 1086 1397 (43),
1103 1315 1153 1377 M
1170 1313 1275 1378 Ακίο-

127 1426 230 1490 nium
254 1438 423 1492 oratorem
446 1431 525 1513 (44),
550 1429 627 1498 Sex.
651 1429 833 1502 Lz'cz'rzz'zcm
852 1431 925 1514 (45).

175 1545 363 1609 Enumerat
384 1545 555 1635 Arrianus
583 1547 766 1612 0444444444
790 1549 826 1630 (1.
853 1548 920 1630 71),
948 1549 982 1612 C.
1007 1558 1042 1611 et
1065 1548 1106 1611 L.
1126 1545 1275 1622 1444444444,

128 1659 281 1724 444ιῖ444444
316 1661 520 1737 Serranum,
555 1651 611 1727 P(
630 1664 834 1739 Lentulum,
870 1665 905 1728 C.
940 1662 1194 1738 Numziorz'um,
1223 1663 1274 1726 M

127 1776 314 1854 Baebium,
349 1780 502 1854 Cramer,
534 1790 669 1862 patrem
700 1790 735 1843 et
764 1780 874 1844 filium
904 1781 970 1862 (hic
993 1789 1108 1844 tamen
1131 1801 1153 1843 a
1175 1789 1273 1862 patre

127 1895 227 1976 prius
250 1895 382 1958 occisus
406 1907 473 1972 est,
491 1917 568 1959 cum
592 1897 651 1960 ille
682 1898 751 1960 iam
773 1897 808 1959 in
831 1917 874 1960 eo
899 1907 1006 1972 esset,
1031 1907 1070 1960 ut
1085 1897 1275 1978 deprehen·

128 2011 295 2093 deretur),
326 2012 377 2074 M.
409 2009 599 2076 Antom'um
631 2023 802 2076 oratorem
832 2013 868 2096 (I.
895 2014 959 2094 72),
994 2013 1032 2094 Q.
1057 2009 1274 2076 Ancharium

129 2129 167 2210 (1.
196 2127 256 2208 73)·

176 2244 290 2307 Livius
301 2245 416 2326 prodit
431 2246 569 2308 nomina
589 2245 741 2320 04444444,
760 2247 811 2309 M.
836 2243 988 2320 Antom'z',
1006 2245 1273 2326 eloquentissimi

129 2361 210 2436 uiri,
237 2361 271 2424 C.
295 2371 331 2424 et
353 2362 393 2425 L.
421 2361 593 2436 64444444,
621 2361 742 2427 Crassi
759 2363 837 2438 filii,
863 2362 941 2428 Sex.
965 2359 1106 2430 Lz'cz'nz'z'.

176 2477 282 2560 Apud
305 2478 444 2552 Fronuu
467 2479 510 2543 H.
535 2502 568 2558 ο,
597 2499 723 2560 14—17
749 2489 985 2543 recensentur:
1007 2477 1188 2553 Octauius,
1202 2477 1274 2540 An-

129 2592 261 2668 tonino,
289 2595 466 2670 Caesares,
499 2594 632 2671 Crassi,
655 2607 755 2677 pater
778 2605 813 2659 et
835 2594 938 2667 filius,
962 2593 1126 2670 34444444,
1149 2593 1274 2658 Numi-

130 2708 257 2785 torius,
284 2707 492 2774 Ancharius

177 2826 217 2888 In
246 2829 363 2902 modo,
398 2847 467 2910 quo
497 2827 650 2890 nonnulli
680 2828 802 2889 horum
824 2825 1021 2907 interempti
1045 2825 1125 2899 sint,
1149 2825 1274 2889 descri-

128 2944 247 3006 bendo
270 2943 475 3006 Plutarchus
498 2952 533 3006 et
555 2943 737 3025 Appianus
760 2943 848 3007 inter
871 2963 947 3004 sese
971 2942 1184 3004 conueniunt.

178 3056 235 3122 Sic
267 3080 295 3122 e.
319 3080 353 3142 g.
377 3059 532 3122 similiter
563 3060 688 3122 caedes
719 3059 862 3121 Antonii
885 3059 930 3120 ab
954 3058 1003 3120 eis
1026 3065 1189 3120 narratur.
1215 3056 1275 3119 Ad

130 3176 271 3237 domum
303 3176 375 3238 eius
398 3175 541 3239 oratoris
572 3176 697 3238 milites
721 3175 814 3238 missi
838 3185 951 3248 erant,
978 3194 1065 3256 quos
1088 3182 1203 3235 tamen
1226 3174 1275 3235 ita

131 3291 193 3354 ille
216 3289 390 3355 mulcebat
413 3293 584 3367 oratione,
606 3301 644 3355 ut
659 3292 785 3355 milites
800 3291 896 3354 illum
913 3291 1071 3354 occidere
1086 3309 1155 3352 non
1172 3291 1274 3353 aude·

132 3423 226 3476 rent:
252 3405 413 3503 „toruum
442 3406 477 3476 δέ
504 3431 551 3493 τις
577 3405 658 3501 ips
681 3413 765 3476 dicit
787 3412 886 3474 Prur.
913 3401 971 3489 44,
997 3404 1066 3495 „uir
1092 3403 1195 3485 ἔοικε,
1215 3409 1274 3473 τοῦ
1375 3482 1377 3485 ,

133 3527 252 3623 ἀνδρὸς
285 3531 308 3622 ἡ
335 3533 401 3597 τῶν
436 3527 545 3620 λόγων
580 3527 694 3623 σειρὴν
728 3525 781 3594 καὶ
821 3523 936 3620 χάρις,
979 3519 1047 3603 ὥςε
1087 3523 1273 3619 ἀρξαμένου

133 3655 239 3754 λέγειν
275 3657 327 3726 καὶ
362 3653 596 3752 παραιτεῖσθαι
630 3657 685 3724 τον
719 3652 865 3724 θάνατον
902 3649 1054 3748 ἅψασθαι
1082 3653 1142 3743 μὲν
1171 3651 1275 3729 οὐδεὶς

134 3785 319 3880 ἐτόλμησεν
354 3785 430 3854 οὐδὲ
464 3783 673 3883 ἀντιβλέψαι,
708 3781 797 3853 κάτω
838 3783 874 3852 δὲ
914 3780 1074 3877 κύψαντες
1115 3780 1272 3877 ἐδάκρυον

134 3911 287 3991 ἅπαντες.
330 3912 500 4012 διατριβῆς
540 3912 576 3982 δὲ
615 3912 797 4007 γενομένης
834 3909 961 4009 ἀναβὰς
997 3912 1014 3979 ὁ
1042 3905 1160 3996 Ἄννιος
1184 3916 1276 3997 (erat

134 4039 288 4101 tribunus
320 4040 441 4100 horum
464 4037 619 4118 militum)
652 4033 715 4128 ὁρᾷ
747 4031 802 4099 τον
839 4031 898 4123 μὲν
926 4026 1101 4100 ’Λντώνιον
1129 4027 1273 4122 διαλεγό-

137 4177 247 4244 μενον,
281 4150 356 4229 τοὺς
383 4151 420 4221 δέ
447 4149 630 4248 ςμαπιὼπας
664 4149 954 4246 ἐκπεπληγμένους
981 4151 1033 4220 καὶ
1059 4149 1275 4245 κατακεκηλε-

138 4273 255 4363 μένους
290 4271 343 4339 ὑπ’
385 4270 497 4339 αὐτοῦ·
527 4270 661 4347 κακίσας
695 4268 751 4338 οὖν
788 4271 928 4348 ἐκείνους
963 4271 1016 4339 κα)
1052 4261 1273 4366 προςδραμὼν

137 4391 234 4468 αὐτος
262 4391 438 4482 ἀποτέμνει
464 4391 526 4486 τὴν
553 4387 737 4486 κεφαλήν.”

181 4524 264 4588 Aru.
287 4525 313 4587 Ι.
339 4545 378 4605 72
404 4525 493 4586 hanc
516 4544 637 4587 necem
659 4523 708 4586 ita
722 4523 850 4606 pingit:
876 4516 957 4604 ,οὓς
971 4517 1062 4614 (τοὺς
1076 4515 1274 4614 ςματιώτας)
