3284 5272
893 481 952 539 116

392 666 549 728 Permisit
572 663 670 729 Sulla
693 669 823 748 populo
851 688 966 730 creare
984 670 1156 743 consules
1179 679 1216 732 ut
1232 680 1494 732 conseruaretur

348 783 491 864 pristina
515 783 564 845 rei
587 783 748 864 publicae
771 783 889 848 forma.
936 785 1051 848 Creati
1073 795 1151 848 sunt
1173 785 1220 848 M.
1237 786 1384 859 Tullius,
1409 786 1493 850 Cor-

348 899 459 961 nelius
492 899 678 962 Dolabella
695 895 733 980 ¹),
770 899 894 981 quibus
916 910 1033 963 tamen
1054 901 1130 983 ipse
1153 911 1313 983 praeerat
1335 902 1494 966 dictator.

349 1013 636 1078 Praeferebantur
658 1024 775 1078 autem
798 1015 847 1088 ei,
870 1016 1013 1099 perinde
1035 1037 1076 1080 ac
1092 1018 1234 1099 regibus
1250 1018 1347 1093 olim,
1367 1017 1494 1100 uiginti

351 1140 512 1210 quattuor
536 1151 674 1194 secures
686 1131 721 1209 ²).

351 1411 425 1471 ἐγώ
438 1435 466 1474 p,
488 1402 570 1463 Dicit
591 1401 691 1481 igitur,
713 1401 893 1463 dictaturam
908 1405 1007 1465 denuo
1022 1404 1217 1465 constitutam
1237 1423 1300 1464 esse
1315 1414 1384 1482 post
1397 1423 1494 1464 annos

350 1511 465 1572 CCCC.
496 1511 686 1584 SCHWEIGH„
715 1510 795 1586 App.
816 1512 871 1569 III.
893 1531 922 1588 p.
946 1530 1004 1587 723
1028 1511 1120 1587 „illud
1139 1510 1274 1571 lectionis
1302 1512 1491 1570 monstrum”

350 1609 456 1684 eiecit,
479 1609 622 1685 „liberam
644 1609 752 1686 cuique
780 1609 985 1671 coniecturam
1014 1611 1212 1687 relinquens.”
1254 1612 1420 1670 Naucmus
1441 1608 1491 1688 (cf.

350 1710 443 1780 Apu,
465 1709 512 1768 ed.
529 1708 756 1782 Mendelssohn‚
779 1709 838 1769 uol.
853 1711 892 1768 II.
908 1729 937 1786 p.
955 1711 1014 1785 663
1028 1709 1099 1768 adn.
1114 1708 1193 1788 crit.)
1207 1708 1335 1769 coniecit
1356 1734 1395 1772 τε
1406 1719 1490 1774 rra-

351 1843 427 1898 ρων
452 1820 578 1896 γενεῶ
590 1845 607 1882 v
619 1867 628 1896 ‚
654 1834 714 1893 qna
728 1814 900 1875 coniectura
914 1825 1036 1892 recepta
1048 1816 1132 1876 locus
1146 1817 1307 1876 mendosus
1321 1815 1384 1874 sine
1398 1813 1491 1874 dubio

352 1932 474 1982 sanatus
495 1931 556 1994 est,
578 1941 647 1981 cum
669 1941 686 1981 e
708 1921 803 1980 Fastis
824 1920 999 1998 Capitolinis
1010 1920 1384 1998 nouerimus,supremum
1399 1920 1491 1980 dicta·

352 2031 464 2092 torem,
496 2040 580 2080 more
611 2019 760 2079 maiorum
792 2019 924 2095 dictum,
955 2019 1043 2080 fuisse
1075 2020 1110 2079 C.
1133 2019 1289 2079 Seruilium
1319 2040 1377 2079 202
1407 2039 1434 2079 a.
1456 2020 1491 2079 C.

350 2119 399 2202 (cl.
415 2122 587 2193 Moumsnn,
607 2120 676 2180 C.I.
697 2120 743 2192 L,
764 2121 787 2178 I.
799 2139 828 2195 p.
842 2122 919 2195 436:
942 2120 976 2180 C.
989 2119 1208 2178 SERVILIVS.
1225 2121 1259 2180 C.
1271 2121 1305 2180 F.
1316 2121 1349 2178 P.
1362 2119 1491 2178 NEPOS

351 2221 459 2280 DICT.
491 2219 635 2279 COMlT.
667 2219 851 2276 HABEND.
887 2216 1063 2299 CAVSSA).
1103 2220 1195 2277 Hunc
1215 2228 1316 2278 autem
1348 2219 1491 2276 honorem

352 2319 479 2395 adeptus
506 2326 550 2376 est
577 2317 657 2377 Sulla
687 2319 724 2376 82
747 2335 773 2375 a.
804 2318 839 2377 C.
867 2317 952 2376 annis
983 2315 1072 2394 igitur
1092 2323 1205 2376 centum
1227 2324 1256 2376 ct
1274 2319 1386 2391 urg-inti
1403 2314 1492 2375 inter-

352 2416 446 2476 missis
467 2415 517 2497 (cl.
538 2418 701 2490 VELL.,II.
726 2417 777 2475 28:
801 2415 932 2494 „quippe
960 2415 1090 2476 dictator
1111 2426 1245 2490 creatus,
1267 2415 1351 2475 cuius
1372 2413 1492 2474 honoris

271 2593 276 2602 1
352 2515 505 2592 usurpatio
526 2534 579 2592 per
599 2534 694 2574 annos
709 2515 793 2574 CXX
806 2514 1162 2576 intermissa.’'-P1.UT.
1188 2515 1264 2575 Sull.
1287 2535 1342 2592 33:
1364 2514 1492 2592 „dmo-

354 2648 432 2706 τορα
457 2629 516 2707 μὲν
542 2630 602 2706 γὰρ
627 2627 745 2688 ἑαυτὸν
763 2624 957 2706 ἀνηγόρευσε
979 2620 1021 2685 δι’
1042 2625 1122 2687 ἐτῶν
1140 2625 1258 2687 ἑκατὸν
1281 2623 1381 2686 εἴκοσι
1399 2629 1489 2689 τοῦτο

352 2734 389 2792 τὸ
413 2730 507 2810 γένος
532 2743 586 2812 τῆς
610 2729 708 2813 ἀρχῆς
732 2727 962 2815 ἅναλαβών”).
1015 2728 1093 2788 Cum
1118 2727 1398 2806 Schweighaeusero
1420 2726 1492 2788 exis-

352 2835 476 2908 timans,
499 2835 661 2895 absurdam
678 2834 837 2896 lectionem
858 2821 1000 2897 codic'um
1021 2854 1083 2895 non
1104 2833 1168 2894 sine
1189 2854 1305 2894 summa
1326 2833 1434 2894 iniuria
1453 2833 1491 2893 ad

353 2934 526 3012 Appianum
554 2943 709 2994 auctorem
739 2935 841 2994 referri
873 2955 976 3013 posse,
1008 2937 1298 3018 τετρακοσίων
1334 2934 1492 2994 delendum

353 3060 469 3102 censeo.
511 3039 620 3119 Agitur
647 3040 697 3100 hic
718 3041 756 3101 de
778 3041 865 3102 solita
886 3039 1060 3103 confusione
1087 3052 1228 3102 notarum
1244 3036 1444 3100 'numeralium
1463 3039 1492 3098 in

353 3142 434 3202 libris
455 3159 546 3201 manu
567 3139 693 3218 scriptis.
736 3142 966 3201 Confunduntur
981 3140 1059 3201 enim
1075 3141 1211 3201 uniuerse
1225 3151 1315 3201 notae
1329 3139 1492 3200 numerales

353 3260 423 3300 cum
443 3239 557 3300 litteris.
588 3239 728 3317 Scripsit,
750 3241 857 3312 cred0‚
875 3239 1032 3318 Appianus
1053 3250 1134 3299 recte
1156 3241 1199 3315 ἐξ
1223 3239 1276 3325 ρκ’
1301 3247 1397 3321 ἐτῶν,
1414 3237 1492 3315 quod

353 3347 553 3423 deprauatum
575 3344 670 3404 estin
694 3351 735 3410 ἐκ
760 3346 790 3410 v'
811 3353 903 3414 ἐτῶν,
943 3345 1095 3407 Librarius
1116 3345 1195 3406 enim
1217 3345 1344 3424 scriptor
1365 3345 1491 3424 primum

354 3450 491 3511 confudit
509 3449 622 3512 litteras
644 3453 684 3528 ἐξ
705 3472 775 3512 cum
796 3451 875 3514 notis
895 3453 1096 3514 numeralibus
1117 3452 1182 3537 ρκ’,
1205 3453 1274 3514 dein
1280 3463 1492 3530 ,posteaquam

354 3557 457 3618 oculus
481 3556 543 3617 eius
563 3559 729 3633 aberrauit,
745 3558 822 3618 uidit
834 3560 874 3640 κ’,
892 3579 949 3638 pro
966 3579 1026 3636 quo
1041 3559 1158 3638 scripsit
1172 3557 1213 3625 ν’.
1238 3559 1392 3633 Quocirca
1411 3560 1492 3638 lego:

355 3671 565 3747 παυσάμενον
590 3668 665 3741 ἔθος
693 3667 727 3742 ἐξ
751 3674 897 3736 ἑκατὸν
932 3667 1089 3736 εἴκοσιν
1120 3670 1213 3733 ἐτῶν.

400 3769 421 3851 ι)
441 3769 556 3830 Tullius
583 3769 631 3831 ille
655 3771 686 3831 in
706 3772 802 3832 Fastis
824 3771 1000 3851 Capitolinis
1021 3771 1060 3854 (a.
1082 3774 1169 3832 Varr.
1192 3776 1251 3850 673
1276 3799 1316 3826 =
1339 3792 1366 3832 a.
1389 3773 1424 3832 C.
1446 3771 1493 3852 81)

356 3872 399 3929 M.
421 3871 558 3930 lbnnms
590 3872 633 3930 M.
665 3873 698 3930 F.
730 3874 769 3931 A.
803 3873 842 3931 N.
874 3875 1005 3932 Discum
1033 3881 1176 3946 uocatur,
1208 3872 1271 3933 eius
1292 3873 1418 3950 conlega
1438 3872 1491 3931 Cu.

356 3970 533 4029 Consumis
565 3971 764 4030 Domuum.
808 3972 853 4031 cf.
875 3973 1055 4045 Mouusuu,
1082 3972 1114 4030 C.
1137 3972 1164 4029 I.
1186 3972 1244 4046 L,
1265 3973 1289 4030 Ι.
1312 3991 1342 4048 p.
1364 3991 1433 4050 439.
1457 4005 1491 4014 -

357 4069 434 4129 Cum
455 4069 601 4128 Cicerone
619 4069 733 4130 Tullius
753 4090 814 4130 uon
835 4080 900 4131 erat
910 4069 1053 4150 sanguine
1067 4069 1260 4143 coniunctus,
1273 4072 1310 4130 cf.
1323 4073 1492 4144 niumm,

357 4168 395 4228 V.
414 4188 442 4245 p.
467 4169 523 4226 206
545 4177 607 4228 not.
633 4185 678 4245 79.
714 4171 762 4229 De
773 4171 930 4232 Dolabella
940 4169 1002 4230 uid.
1015 4171 1123 4230 DRUM.
1135 4215 1142 4244 ,
1155 4171 1194 4229 Π.
1206 4191 1235 4248 p.
1249 4172 1307 4245 560
1319 4190 1363 4247 sq.
1373 4179 1436 4229 not.
1448 4190 1493 4246 32·

400 4265 426 4347 ²)
446 4268 564 4344 Pugnat
578 4269 654 4326 ΑΡΡ.
677 4268 707 4328 h.
728 4270 747 4329 l.
768 4267 820 4349 (B.
843 4271 876 4329 C.
891 4272 915 4328 I.
940 4289 1017 4328 100:
1040 4267 1207 4352 „rralr'xac
1221 4295 1253 4335 τε
1268 4277 1328 4356 γὰρ
1343 4272 1491 4352 ἐφέροντο

359 4378 419 4458 πρό
444 4375 543 4440 αὑτοῦ
568 4374 667 4442 εἴκοσι
693 4381 748 4443 καὶ
774 4378 944 4461 τέσσαρες,
971 4379 1041 4442 ὅσοι
1067 4383 1121 4442 καὶ
1139 4387 1204 4442 τῶν
1218 4375 1321 4443 πάλαι
1334 4376 1492 4462 βασιλέων

359 4476 529 4566 η’γοῦντο”)
553 4503 621 4544 cum
643 4487 720 4544 ΑΡΡ.
745 4485 813 4560 Syr.
839 4500 894 4560 15:
918 4492 1002 4560 „tim
1017 4489 1151 4550 ὑπάτων
1169 4484 1318 4551 δυώδεκα
1333 4482 1494 4558 πελέκεσι,
