3286 5272
753 564 793 619 43

204 731 257 800 καὶ
282 731 318 800 οὔ
333 731 431 829 χάριν
447 731 578 804 ἅπαντα
593 741 697 804 ταῦτα
712 736 875 830 ἐγίγνετο,
891 729 1019 830 Μάριον
1035 732 1133 810 εὐθὺς
1148 732 1343 828 ἐχειροτόνει

200 857 260 920 τοῦ
293 853 375 948 πρὸς
407 848 628 951 Μιθραδάτην
663 854 811 948 πολέμου
845 861 1019 951 ςρατηγεῖν
1055 852 1124 923 ἀντὶ
1157 851 1267 923 Σύλλα
1286 849 1342 940 ¹).’'

247 970 345 1035 Haec
369 983 462 1036 certe
480 973 632 1049 fuerunt,
656 995 744 1057 quae
768 975 924 1039 Ciceroni
950 974 1105 1037 uenerint
1132 973 1167 1034 in
1194 981 1342 1036 mentem

201 1087 376 1151 scribenti:
405 1087 613 1172 „Sulpicium
627 1141 634 1170 ‚
660 1093 704 1154 ab
727 1092 857 1174 optima
869 1112 973 1154 causa
983 1089 1174 1172 profectum
1186 1138 1193 1162 ,
1205 1089 1343 1172 longius

154 1183 156 1188 Ι
200 1223 304 1285 quam
327 1205 435 1268 uoluit
457 1207 633 1288 popularis
656 1228 738 1270 aura
760 1208 920 1289 prouexit
936 1205 966 1286 ²).

248 1321 322 1383 Iam
343 1322 379 1383 in
401 1332 539 1386 caetera
562 1325 778 1406 inquiramus.

248 1436 353 1518 Apud
376 1438 490 1510 Prur„
516 1437 601 1503 Sull.
626 1463 661 1518 q,
685 1437 785 1505 Sulla
807 1460 869 1522 per
884 1441 1021 1522 legatos
1036 1447 1151 1501 monte
1167 1437 1343 1518 Esquilino

202 1563 372 1632 occupato
406 1555 527 1616 urbem
551 1555 748 1638 ingreditur.

248 1668 352 1751 Apud
376 1670 458 1734 App,
482 1673 523 1734 B.
551 1672 585 1736 C.
608 1671 633 1735 1.
659 1679 699 1750 58
736 1671 834 1736 Sulla
872 1675 917 1734 ad
952 1670 1185 1752 occupandam
1209 1678 1343 1750 portam

203 1783 415 1865 Esquilinam
428 1785 450 1867 3)
464 1797 499 1850 et
514 1788 713 1870 contiguum
729 1788 761 1850 ei
776 1808 909 1850 murum
925 1808 1027 1849 unam
1042 1787 1145 1849 mittit
1160 1785 1342 1867 legionem.

203 1899 287 1963 Alia
319 1902 458 1985 legione
490 1914 625 1986 portam
653 1914 800 1987 occupat
830 1883 998 1968 Collinam
1020 1903 1220 1984 Pompeius,
1244 1902 1344 1965 tertia

203 2028 345 2098 pontem
377 2017 567 2084 Sublicium
597 2022 697 2103 petit,
729 2031 850 2112 quarta
879 2021 914 2082 in
937 2019 1084 2083 statione
1107 2027 1187 2082 ante
1210 2017 1345 2080 moenia

204 2133 411 2215 relinquitur.
447 2135 533 2200 Cum
565 2138 697 2200 duabus
726 2158 809 2200 uero
843 2135 982 2217 reliquis
1005 2133 1105 2199 Sulla
1126 2135 1201 2216 ipse
1224 2135 1343 2196 urbem

203 2249 373 2313 hostiliter
394 2251 592 2334 ing-reditur.

249 2363 385 2428 Omittit
407 2367 610 2430 Plutarchus
634 2368 726 2449 quod
749 2367 831 2435 Are.
848 2368 895 2430 l.l.
918 2376 1046 2441 narrat,
1071 2364 1202 2429 Sullam
1217 2385 1342 2446 nempe

204 2480 238 2542 in
274 2501 316 2543 ea
344 2503 463 2565 pugna
496 2503 564 2545 non
599 2483 709 2546 solum
744 2493 908 2564 conrepto
932 2483 1032 2564 signo
1066 2483 1154 2544 inter
1176 2481 1342 2562 primores

203 2598 419 2676 prouolasse,
451 2619 528 2660 cum
559 2599 685 2662 milites
716 2599 789 2660 eius
816 2599 885 2660 iam
916 2600 960 2660 ad
983 2597 1101 2680 fugam
1124 2597 1342 2670 inclinarent,

204 2712 266 2774 sed
300 2713 404 2776 etiam
440 2714 542 2776 aliam
575 2722 749 2777 recentem
784 2716 971 2777 aduocasse
1005 2734 1143 2776 manum
1174 2734 1194 2776 e
1225 2713 1344 2776 castris
1378 2699 1381 2707 ’

205 2827 374 2909 simulque
403 2831 506 2892 aliam
536 2851 598 2912 per
629 2829 845 2894 Suburanam
867 2832 958 2893 uiam
981 2830 1164 2894 deflectere
1188 2831 1342 2900 iussisse.

205 2954 243 3005 ut
266 2945 479 3008 aduersarios
503 2947 753 3010 circumuentos
776 2968 797 3008 a
820 2957 920 3028 tergo
943 2947 1198 3029 adgrederetur.

250 3060 357 3142 Apud
381 3062 495 3138 Pru-n,
532 3062 617 3128 Sall.
654 3086 708 3138 10,
744 3062 844 3128 Sulla
866 3069 1022 3127 senatum
1046 3073 1230 3136 conuocat,
1253 3063 1345 3142 apud

205 3175 287 3238 Are.
322 3179 363 3240 B.
401 3177 483 3242 01.
509 3200 550 3257 59
590 3177 688 3243 Sulla
719 3191 753 3242 et
776 3180 961 3261 Pompeius
984 3177 1117 3242 comri‘z'a
1142 3188 1341 3241 conuocant.

204 3292 311 3373 Apud
333 3293 432 3357 Prur.
456 3296 500 3358 l.l.
536 3293 634 3359 Sulla
657 3294 803 3358 Marium
827 3306 862 3359 et
884 3316 1013 3376 paucos
1037 3295 1139 3368 alios,
1164 3294 1198 3356 in
1220 3295 1344 3376 quibus
1440 3383 1443 3388 .

206 3406 408 3490 Sulpicium,
433 3409 551 3495 capr'tz's
574 3411 780 3475 condemnat.
804 3411 910 3494 Apud
934 3411 1015 3474 Are.
1028 3413 1069 3475 B.
1086 3411 1120 3475 C.
1132 3411 1158 3474 I.
1173 3416 1215 3473 60
1231 3409 1344 3492 Sulpi-

205 3525 276 3586 cius
311 3535 346 3586 et
381 3545 457 3588 cum
493 3547 535 3588 eo
570 3526 698 3589 Marius
734 3537 769 3589 et
803 3527 877 3600 alii,
912 3545 1057 3607 quorum
1092 3525 1242 3587 maxima
1264 3544 1344 3604 pars

206 3640 405 3703 nominatim
428 3641 638 3716 adferuntur,
662 3641 771 3705 hostes
783 3640 996 3725 reipublicae
1008 3639 1215 3704 iudicantur.
1239 3639 1346 3720 Apud

206 3755 304 3818 Prur.
321 3757 364 3819 l.l.
389 3755 561 3839 Sulpicius
584 3778 605 3819 a
620 3777 719 3820 seruo
735 3759 889 3839 proditus
905 3756 1112 3831 interficitur,
1129 3777 1182 3839 ap.
1201 3756 1282 3819 App,
1300 3756 1343 3818 l.l.

253 4051 272 4132 ¹)
293 4055 371 4111 ΑΡΡ.
391 4055 431 4112 B.
457 4055 491 4112 C.
512 4055 536 4111 I.
560 4055 597 4129 56
620 4061 693 4111 extr.

247 4150 273 4232 ²)
295 4153 361 4211 C1c.
383 4153 419 4210 de
441 4156 523 4210 Har.
546 4162 624 4227 resp.
646 4153 713 4210 XX.
736 4172 784 4227 43.

249 4249 273 4329 ³)
293 4253 370 4309 ΑΡΡ.
402 4253 442 4310 B.
476 4254 509 4312 C.
537 4253 560 4309 I.
591 4253 644 4326 58:
675 4255 732 4329 τὰς
759 4250 1028 4328 Αῑῡκυλείας
1055 4249 1169 4326 πύλας.
1192 4250 1345 4310 Estleclio

204 4355 483 4434 Schweighaeuseri,
496 4377 587 4434 quam
598 4367 717 4417 secutus
734 4368 779 4417 est
789 4361 866 4418 LUD.
880 4361 1124 4428 Mmmncssouu,
1136 4358 1215 4433 App.
1227 4356 1343 4416 Teubn.

210 4455 307 4527 1881,
339 4456 406 4514 Vol.
443 4457 481 4514 II.
510 4475 540 4532 p.
570 4459 638 4516 621.
671 4458 706 4514 In
730 4457 828 4517 Codd.
853 4455 960 4535 legitur
981 4455 1157 4531 Κλοιλίας,
1185 4454 1343 4531 Keil-lac,

210 4557 382 4634 Κοιλλίας.
407 4561 452 4620 Cf.
475 4561 643 4622 Scrrwmcn
675 4562 763 4621 adh.
786 4563 796 4620 l
828 4564 906 4637 App.
929 4563 983 4620 III.
1005 4583 1035 4638 p.
1059 4565 1116 4637 708
1138 4583 1180 4639 sq.
