3286 5272
929 539 970 582 20

375 733 499 794 paeum
523 734 730 796 aureumque
745 715 945 797 iugurtham
962 713 1081 778 Sullae
1097 715 1133 777 in
1149 715 1319 796 Capitolio
1336 716 1470 779 dedicat
1481 712 1513 798 ¹).

376 829 505 893 Marius
527 830 682 894 inritatus
710 832 797 894 haec
821 831 956 894 deicere
980 831 1068 911 uult,
1101 829 1233 895 Sullam
1256 832 1314 894 alii
1337 833 1515 905 adiuuant,

376 946 494 1009 ciuitas
517 946 745 1010 inflammatur
767 946 989 1022 factionibuS,
1013 948 1135 1011 seditio
1158 949 1193 1010 in
1217 969 1258 1010 eo
1282 957 1515 1022 est,utexar·
1559 925 1563 938 ⁸

375 1064 494 1126 descat
518 1101 559 1108 —
585 1065 646 1126 sed
668 1063 839 1127 inhibetur
862 1064 956 1126 bello
980 1063 1145 1144 sociali).
1170 1063 1221 1126 Eo
1249 1065 1285 1126 in
1306 1065 1401 1126 bello
1417 1062 1517 1127 Sulla

373 1181 487 1242 multis
521 1180 698 1261 praeclare
733 1183 836 1243 rebus
870 1181 978 1263 gestis
1012 1182 1104 1262 apud
1135 1181 1227 1244 ciues
1255 1182 1387 1264 magni,
1422 1183 1515 1262 apud

374 1297 485 1358 socios
525 1296 680 1370 maximi,
719 1298 811 1377 apud
848 1296 966 1359 hostes
1004 1295 1258 1360 fortunatissimi
1299 1296 1516 1379 imperatoris

373 1432 498 1474 nomen
520 1412 649 1474 inuenit
666 1411 696 1493 ³).
726 1411 755 1473 E
778 1412 872 1474 bello
895 1411 1014 1474 sociali
1037 1413 1188 1474 Romam
1214 1433 1371 1476 reuersus
1394 1413 1515 1475 consul

375 1539 510 1591 creatur
525 1535 602 1591 cum
626 1526 667 1609 Q.
690 1528 856 1609 Pompeio
871 1526 893 1608 ⁴)
907 1549 1014 1590 annos
1026 1537 1098 1591 tum
1110 1537 1209 1591 natus
1220 1528 1467 1611 quinquaginta
1483 1527 1515 1609 ⁵).

419 1643 551 1706 Eodem
574 1652 706 1716 autem,
723 1663 791 1724 quo
808 1663 929 1706 munus
946 1643 1032 1706 illud
1049 1644 1208 1726 adquirit,
1225 1665 1314 1706 anno
1333 1643 1398 1727 (88)
1414 1664 1514 1726 quar·

373 1769 443 1822 tam
467 1759 560 1822 ducit
582 1779 726 1822 uxorem
750 1757 934 1822 Caeciliam
947 1758 1124 1822 Metellam
1138 1809 1145 1834 ,
1158 1759 1264 1822 filiam
1279 1759 1414 1822 Metelli
1429 1780 1515 1841 pon·

373 1874 472 1938 tificis
517 1874 656 1937 maximi
676 1870 712 1959 5).
759 1874 959 1937 Admodum
998 1876 1198 1938 adulescens
1231 1874 1330 1938 Sulla
1367 1876 1514 1956 primam

373 1993 519 2055 duxerat
541 1991 653 2065 Iliam,
674 2011 761 2074 quae
775 1991 808 2054 ei
817 1989 959 2054 filiolam
971 2001 1168 2073 pepererat,
1181 2001 1260 2074 post
1270 1992 1359 2054 hanc
1371 1990 1512 2054 Aeliam

373 2108 575 2190 tertiamque
611 2106 776 2171 Cloeliam
789 2107 829 2189 ⁷),
860 2128 963 2190 quam
985 2119 1022 2170 ut
1046 2109 1197 2172 sterilem
1227 2108 1372 2171 honeste
1395 2118 1515 2171 tamen

420 2318 440 2399 ¹)
461 2320 498 2378 cl.
519 2320 615 2378 PLUT.
637 2319 726 2377 Mar.
744 2337 793 2394 32·

413 2417 438 2499 2)
459 2421 556 2478 PLUT.
580 2418 655 2476 Sull.
679 2421 712 2475 6:
736 2422 773 2494 „o‘
796 2423 995 2503 συμμαχικὸς
1018 2416 1176 2501 πόλεμος,
1194 2419 1296 2484 πάλαι
1314 2422 1512 2501 τυφόμενος,

373 2530 424 2590 ἐπὶ
450 2533 508 2608 τὴν
534 2524 630 2591 πόλιν
644 2524 845 2610 ἀναλάμψας
859 2532 929 2588 τότε
944 2531 1003 2607 τὴν
1017 2533 1109 2598 ςὰσιν
1125 2525 1291 2613 ἐπέσχεν.”
1309 2525 1426 2584 Eadem
1438 2524 1513 2584 dicit

370 2633 458 2692 Mar.
472 2652 524 2709 32:
540 2637 623 2712 „nai
636 2640 695 2715 τὴν
708 2639 803 2707 ςάσιν
816 2635 892 2698 ὅσον
908 2637 997 2700 οὔπω
1011 2636 1191 2718 φερομένην
1206 2637 1250 2708 εἷς
1263 2633 1360 2717 μέσον
1376 2636 1511 2718 ἐπέσχεν

370 2749 388 2808 o‘
412 2747 609 2827 συμμαχικὸς
639 2740 794 2820 πόλεμος,
827 2741 981 2824 ἐξαίφνης
1005 2745 1051 2816 εἷς
1083 2748 1141 2825 τὴν
1165 2740 1261 2807 πόλιν
1286 2742 1513 2824 ἅναρρανείς.”

414 2847 438 2929 ³)
460 2849 504 2908 Cf.
527 2849 624 2908 PLUT.
646 2848 731 2907 Mar.
755 2868 793 2924 33
816 2846 879 2907 init.

412 2945 438 3026 4)
458 2948 553 3006 VELL.
575 2946 617 3022 ll.
628 2963 674 3022 17.
690 2981 730 2990 —
741 2949 810 3006 Lnu
820 2992 827 3020 ,
838 2947 936 3022 Sulla,
948 2947 1108 3024 Hamburg
1121 2948 1207 3026 1855,
1221 2968 1249 3024 p.
1266 2948 1331 3007 186.
1344 2982 1382 2991 -
1394 2949 1512 3006 Monit-

371 3063 442 3120 suu,
469 3048 558 3122 Corp.
581 3041 720 3122 Jmcript.
745 3048 814 3106 Lat.
836 3048 860 3105 I.
882 3067 912 3124 p.
935 3067 1011 3124 4393
1036 3048 1093 3125 538
1115 3066 1158 3124 sq.

413 3143 438 3224 ⁵)
459 3147 548 3220 LAu,
570 3143 643 3205 ibid.

297 3261 299 3266 ’
413 3242 437 3323 5)
459 3247 547 3303 Errat
583 3243 632 3303 hic
666 3242 862 3315 Plutarchus,
894 3260 965 3300 nam
997 3260 1081 3301 socer
1113 3241 1211 3301 Sullae
1242 3239 1296 3301 luit
1317 3244 1350 3303 L.
1372 3243 1512 3303 Metellus

370 3347 404 3404 L.
426 3345 446 3402 f.
468 3343 506 3419 Q.
528 3363 558 3403 n.
580 3341 764 3404 Delmaticus
788 3347 860 3414 (cos.
885 3361 942 3418 119
963 3342 1142 3414 Monnsm,
1169 3341 1202 3399 C.
1224 3341 1251 3400 I.
1273 3341 1309 3399 L.
1333 3343 1356 3399 I.
1378 3361 1408 3418 p.
1421 3340 1510 3421 624),

369 3444 459 3502 frater
490 3442 529 3518 Q.
560 3441 673 3501 Metelli
701 3439 852 3499 Numidici
882 3437 956 3520 (cos
981 3460 1037 3516 109
1059 3442 1243 3513 Mommsen,
1270 3440 1302 3498 C.
1325 3440 1352 3498 l.
1374 3441 1410 3500 L.
1432 3442 1456 3498 I.
1479 3461 1509 3518 p.

371 3543 448 3619 4383
473 3540 553 3621 536).
581 3542 718 3601 Fortasse
740 3539 767 3599 ei
789 3539 828 3598 ob
857 3540 960 3598 oculos
987 3548 1121 3599 uersatus
1149 3548 1193 3598 est
1221 3537 1260 3612 Q.
1282 3539 1419 3599 Metellus
1439 3538 1510 3599 Pius

369 3639 520 3702 Numidici
540 3639 635 3714 filius,
657 3647 761 3717 postea
774 3635 838 3718 (80)
853 3657 914 3697 cos.
935 3657 1006 3697 cum
1027 3637 1107 3697 Sulla
1117 3636 1166 3717 (cs.
1178 3639 1359 3714 Mouiusuu,
1378 3641 1411 3698 C.
1429 3640 1508 3700 Μ.

369 3743 392 3800 I.
414 3761 444 3818 p.
467 3760 541 3816 439;
565 3738 645 3822 538).
666 3736 803 3798 Pontifex
823 3735 971 3796 maximus
991 3746 1072 3796 certe
1093 3736 1227 3796 nonfuit.
1242 3735 1316 3797 Filia
1329 3747 1431 3797 autem
1445 3737 1508 3798 eius

370 3838 500 3899 Caecilia
529 3839 650 3898 Metella
681 3836 777 3914 primo
809 3835 908 3912 nupsit
939 3837 982 3894 M.
1010 3836 1122 3896 Scauro
1151 3855 1211 3896 cos.
1243 3855 1316 3914 115,
1339 3837 1387 3896 cui
1408 3838 1507 3914 plures

368 3937 483 4016 peperit
520 3936 642 4005 liberos,
672 3935 703 3995 in
735 3934 842 4012 quibus
874 3954 994 4012 quoque
1025 3937 1068 3993 M.
1090 3935 1256 4010 Scaurum,
1278 3955 1369 4012 quern
1400 3936 1506 3996 Cicero

369 4031 510 4097 defendit.
532 4037 577 4097 Cf.
590 4038 770 4108 DRUMANN,
782 4036 821 4092 II.
833 4055 862 4112 p.
878 4038 931 4109 163
943 4054 972 4111 p.
987 4038 1024 4110 36
1038 4035 1109 4092 ff.—
1119 4037 1244 4109 LANGE,
1255 4036 1295 4094 R.
1304 4035 1344 4095 A.
1354 4037 1385 4094 Π
1409 4037 1505 4109 Anu,

370 4138 423 4195 III.
446 4157 475 4214 p.
500 4156 576 4210 121,
598 4137 636 4195 de
658 4133 788 4194 Caecilia
809 4134 931 4193 Metella
951 4133 1041 4192 dicit:
1064 4134 1216 4211 „Tochter
1237 4135 1291 4194 des
1312 4137 1346 4194 L.
1369 4135 1506 4194 Metellus

368 4234 553 4296 Delmaticus
581 4235 654 4294 oder
685 4233 738 4293 des
768 4235 801 4291 L.
834 4233 972 4292 Metellus
1005 4231 1220 4307 Diadematus,
1250 4253 1310 4293 was
1331 4233 1394 4293 sich
1424 4233 1507 4292 nicht

367 4335 462 4395 sicher
482 4332 673 4394 entscheiden
694 4333 793 4392 lasst’'.
817 4329 884 4391 Vid.
907 4341 1007 4392 tamen
1029 4331 1199 4406 Duuunuu,
1221 4332 1260 4391 ll.
1283 4342 1312 4392 et
1334 4334 1372 4391 II.
1394 4351 1424 4409 p.
1438 4333 1504 4391 211.

412 4433 434 4515 ²)
454 4432 599 4495 Scribitur
620 4431 705 4492 huius
727 4430 857 4492 mulieris
872 4449 981 4490 nomen
993 4428 1082 4490 etiam
1100 4433 1209 4505 Coelia,
1221 4431 1259 4490 cf.
1271 4433 1452 4506 Duuunuu,
1464 4432 1503 4489 11.

371 4553 398 4610 u·
422 4550 501 4611 425³
526 4534 592 4612 508·
