3284 5272
715 501 769 544 111

173 675 286 750 cania,
309 675 453 738 Pontius
476 675 655 739 Telesinus
679 695 699 736 e
723 672 876 747 Samni0‚
894 673 1001 738 Gutta
1017 695 1062 736 ex
1078 676 1162 737 urbe
1180 673 1310 757 Capua:

172 793 308 855 unicum
331 792 421 854 enim
443 792 620 855 transitum
645 799 875 872 occupauerat
898 788 995 854 Sulla
1006 787 1035 872 ¹).
1073 790 1213 854 Frustra
1232 793 1311 855 dein

172 907 301 970 Marius
339 909 412 990 ipse
453 918 594 971 conatus
637 916 689 987 est
723 905 920 969 Lucretium
956 905 1106 970 Ofellam
1140 908 1311 989 repellere

171 1044 353 1106 rursusque
375 1025 463 1087 intra
486 1024 622 1086 moenia
644 1032 697 1086 est
720 1024 908 1087 conclusus.

215 1139 354 1202 Eisdem
377 1149 491 1202 autem
514 1137 689 1222 profligati
712 1148 790 1201 sunt
805 1137 928 1200 diebus
945 1137 1056 1200 Carbo
1081 1147 1116 1200 et
1131 1137 1312 1201 Norbanus

171 1255 335 1318 aduersus
358 1255 538 1319 Metellum
562 1257 605 1317 ad
634 1254 836 1322 Fauentiam
852 1251 878 1340 ²)
908 1263 1112 1336 pugnantes.
1157 1228 1242 1316 Mile
1266 1275 1311 1316 ex

171 1391 288 1434 eorum
322 1370 477 1434 exercitu
510 1371 574 1440 soli
597 1379 674 1433 sunt
696 1370 838 1444 seruati,
870 1368 909 1430 X
939 1369 1072 1432 circiter
1094 1368 1186 1430 milia
1209 1389 1311 1432 caesa

171 1496 262 1560 sunt,
286 1485 337 1548 VI
368 1487 463 1549 milia
492 1487 537 1549 ad
559 1487 694 1549 hostem
717 1485 896 1559 transiere,
921 1484 1054 1547 disiecti
1076 1483 1206 1565 reliqui.
1251 1484 1323 1547 Ad·

170 1599 331 1665 Sullanos
354 1597 427 1665 tu'ru
449 1601 592 1665 desciuit
614 1602 760 1684 primum
783 1601 877 1682 legio
901 1599 1053 1676 Lucana,
1077 1620 1165 1682 quae
1189 1600 1310 1662 ducem

169 1717 425 1782 Albinouanum
448 1720 615 1793 habebat,
647 1737 730 1780 mox
758 1716 999 1790 Albinouanus
1029 1716 1103 1798 ipse
1140 1717 1310 1779 nonnullis

170 1844 250 1897 ante
271 1835 306 1896 in
330 1835 487 1898 conuiuio
511 1807 702 1909 trucidatis,
726 1853 850 1914 nempe
874 1832 910 1897 C.
930 1832 1114 1914 Antipatro
1138 1842 1173 1895 et
1188 1832 1310 1896 Flauio

169 1949 321 2014 Fimbria
333 1951 355 2034 ³)
379 1952 523 2034 aliisque
554 1951 785 2016 Carbonianis.
831 1950 1012 2012 Norbanus
1035 1948 1201 2013 Rhodum
1224 1948 1309 2032 fuga

169 2068 304 2131 traiecit
326 2068 442 2150 ibique
465 2077 587 2150 postea
610 2069 645 2130 in
667 2068 781 2131 medio
804 2065 879 2130 foro
895 2087 932 2129 se
950 2064 1101 2128 confodit
1118 2065 1309 2128 deliberan-

168 2183 261 2245 tibus
284 2183 432 2246 Rhodiis
456 2184 500 2246 de
524 2183 598 2248 eius
621 2185 665 2246 ad
690 2181 823 2246 Sullam
846 2167 1029 2262 deditione.
1138 2233 1140 2238 ,

215 2298 343 2374 Carb0,
372 2300 460 2363 alter
490 2295 549 2362 ad⁴
570 2300 773 2362 Fauentiam
801 2300 873 2361 dux
903 2307 953 2374 et,
989 2298 1081 2379 quod
1110 2297 1183 2360 iam
1213 2308 1308 2363 ante·

169 2415 346 2489 hacdixi,
375 2416 494 2478 consul
522 2416 621 2478 huius
648 2415 739 2489 anni,
766 2413 890 2476 frustra
917 2423 1061 2477 conatus
1095 2413 1308 2499 Damasippo

169 2531 256 2594 duce
280 2531 383 2594 misso
407 2530 509 2594 Marii
534 2531 766 2596 obsessionem
791 2531 943 2606 soluere,
968 2551 1046 2593 cum
1062 2528 1160 2595 Sulla
1175 2529 1307 2604 fauceS,

168 2665 232 2728 per
261 2651 346 2729 q'uas
373 2623 533 2711 transitus
564 2658 638 2712 erat
668 2648 713 2710 ad
739 2667 861 2730 agrum
887 2645 1161 2720 Praenestinum,
1199 2667 1307 2728 usque

170 2772 354 2844 occupatas
388 2773 538 2838 teneret,
571 2763 719 2828 Galliam
747 2761 955 2844 Cisalpinam
985 2771 1095 2825 totam
1118 2762 1162 2824 ad
1185 2761 1307 2825 Metel-

169 2878 240 2941 lum
263 2877 429 2942 defecisse
454 2880 682 2961 comperiens,
705 2879 850 2942 uictoria
871 2878 1005 2941 Luculli
1028 2878 1073 2940 ad
1095 2877 1308 2941 Placentiam

83 3013 85 3017 ’
169 2994 286 3057 audita
323 2995 459 3057 Italiam
489 2995 639 3058 deseruit
666 2995 768 3076 inque
791 2993 947 3057 Africam
978 3013 1055 3056 cum
1090 2994 1207 3056 amieis
1231 3013 1308 3074 pro·

167 3108 266 3192 fugit.
319 3110 500 3174 Exercitus
533 3111 681 3185 interim,
720 3131 823 3193 quem
856 3111 900 3172 ad
924 3109 1076 3174 Clusium
1106 3109 1306 3191 reliquerat,

167 3225 215 3289 ibi
238 3246 259 3289 a
282 3225 450 3308 Pompeio
478 3226 680 3309 profligatus
703 3226 782 3288 XX
805 3226 938 3290 circiter
960 3225 1053 3288 milia
1076 3225 1195 3287 amisit.

212 3341 368 3406 Carrinas
391 3353 463 3406 turn
487 3352 522 3406 et
544 3343 775 3425 Damasippus
805 3342 1025 3423 Marciusque
1049 3361 1126 3404 cum
1150 3337 1307 3403 Samniti·

166 3460 232 3520 bus
254 3457 399 3539 profecti
418 3468 509 3534 sunt,
533 3458 650 3522 fauces
673 3459 750 3521 illas
780 3457 982 3540 perrupturi.
1029 3454 1101 3521 Sed
1123 3455 1207 3519 nihil
1229 3475 1307 3537 pro·

166 3572 319 3638 ficientes
342 3575 443 3638 aliam
466 3575 557 3638 uiam
580 3575 726 3658 ingressi
748 3584 826 3637 sunt
849 3575 1068 3656 Romamque
1091 3573 1254 3655 petiuere.

210 3691 299 3754 Tum
334 3688 432 3755 Sulla
465 3690 582 3754 fauces
617 3691 797 3773 dereliquit
832 3699 867 3753 et
900 3711 978 3754 cum
1016 3690 1173 3753 omnibus
1200 3688 1306 3772 copiis

168 3898 374 3907 ————-.-..-.....

214 4017 234 4100 ¹)
254 4022 429 4094 Mounssm
450 4022 490 4080 R.
517 4021 554 4081 G.
577 4023 616 4081 II.
638 4042 667 4099 p.
692 4024 750 4097 326
771 4031 833 4082 not.

207 4117 233 4200 ²)
253 4120 396 4181 Fauentia
426 4130 471 4180 est
499 4121 570 4180 urbs
597 4120 628 4178 in
657 4120 754 4180 Gallia
782 4120 953 4198 Cispadana
984 4121 1022 4180 ad
1044 4118 1123 4180 uiam
1145 4117 1304 4178 Aemiliam

164 4217 241 4278 inter
262 4220 373 4278 Forum
394 4219 524 4280 Cornelii
544 4229 574 4279 et
594 4221 705 4280 Forum
727 4220 818 4294 Liuii,
840 4220 929 4281 hodie
943 4222 1069 4281 Faenza.
1092 4220 1137 4280 Cf.
1153 4220 1304 4292 cumn,

162 4338 265 4392 geogr.
291 4325 364 4391 ant,
383 4338 450 4396 cap.
472 4321 525 4378 IX.
547 4339 576 4396 p.
592 4336 629 4393 70
636 4341 644 4394 3
666 4319 724 4394 id.,
743 4340 845 4394 geogr.
867 4339 955 4394 noua,
978 4339 1044 4396 cap.
1057 4321 1169 4378 XVIII.
1191 4339 1220 4396 p.
1234 4335 1304 4392 447.

209 4416 233 4498 ³)
255 4417 316 4477 Hic
335 4417 466 4478 Fimbria
485 4419 575 4478 frater
596 4428 660 4478 erat
681 4418 744 4479 eius
764 4419 932 4493 Fimbriae,
955 4419 993 4478 de
1014 4437 1074 4495 quo
1096 4427 1185 4476 antea
1205 4416 1252 4495 egi
1273 4415 1303 4476 in

168 4517 246 4576 bello
268 4516 478 4577 Mithradatico
500 4517 609 4594 quique
631 4529 727 4578 morte
748 4518 820 4579 obiit
842 4516 1018 4591 uoluntaria,
1031 4517 1067 4576 cf.
1079 4537 1107 4594 p.
1121 4518 1174 4594 583
1187 4519 1226 4575 60
1238 4535 1304 4601 sqq.
