3284 5272
779 499 837 554 123

283 691 310 732 2.
344 671 399 733 De
431 671 617 734 amicorum
647 671 681 732 in
704 668 822 733 Sullae
853 678 965 732 castra
996 668 1146 730 aduentu
1169 667 1374 729 mentionem

233 784 365 849 faciunt
386 786 503 848 Liuius
522 782 550 868 ¹),
575 786 731 850 Velleius
747 785 784 866 2),
809 784 945 849 Cassius
968 784 1036 846 Dio
1053 783 1084 865 ³).

283 924 311 980 3.
345 902 400 966 De
435 902 605 985 Capitolio
638 904 776 968 incenso
810 902 917 964 habet
943 900 1025 964 Ama
1056 898 1079 962 I.
1105 905 1144 978 83
1170 900 1215 982 (in
1238 909 1375 962 enume-

234 1015 349 1078 randis
382 1015 574 1098 prodigiis):
613 1009 670 1092 ,πό
703 1035 739 1080 τε
758 993 987 1080 ΙΚαπιτωλιον
1015 1009 1078 1078 ὑπο
1109 1013 1176 1077 τῶν
1210 1005 1374 1107 βασιλέων

234 1129 454 1226 τετρακοσίοις
479 1154 544 1199 που
579 1127 728 1228 πρόσθεν
756 1131 843 1202 ἔτεσι
870 1129 1046 1224 γενόμενον
1074 1125 1289 1225 ἐνεπρήσθη,
1321 1125 1373 1195 καὶ

235 1249 297 1344 τὴν
325 1249 429 1319 αἰτίαν
459 1249 562 1328 οὐδεὶς
589 1247 746 1320 ἐπενόει”.
793 1256 841 1319 Id.
869 1256 894 1319 Ι.
921 1261 978 1318 86:
1003 1251 1078 1344 „air
1105 1249 1246 1345 ἡμέραις
1272 1246 1325 1316 καί
1338 1247 1376 1316 τὰ

235 1363 447 1440 Καπιτωλιον
485 1371 721 1468 ἐνεπίμπρατο·
762 1371 815 1440 καί
842 1372 879 1441 το
914 1372 1009 1468 ἔργον
1045 1368 1131 1446 τινὲς
1164 1368 1375 1463 ἐλογοποίουν

235 1485 422 1590 Κάρβωνος
448 1492 481 1587 ἢ
500 1497 565 1560 τῶν
595 1487 731 1561 ὑπιίτων
758 1491 782 1588 ἢ
811 1488 921 1561 Σύλλα
949 1491 1142 1587 πέμψαντος
1169 1491 1261 1559 εἶναι.
1289 1489 1327 1559 το
1349 1489 1378 1559 δ’

236 1610 365 1710 ἀκριβὲς
389 1609 515 1707 ἄδηλον
542 1611 603 1707 ἦν,
631 1613 684 1682 καὶ
712 1611 769 1680 οὐκ
795 1611 867 1707 ἔχω
892 1611 954 1706 τὴν
982 1611 1087 1680 αἰτίαν
1107 1608 1174 1704 ἐγὼ
1194 1609 1374 1709 συμβαλεῖν

236 1730 274 1800 δι’
300 1729 343 1826 ἣν
372 1731 410 1800 ἂν
435 1727 539 1810 οὕτως
561 1729 723 1826 ἐγένετο”.

280 1851 362 1927 D10,
397 1851 445 1934 fg.
487 1856 546 1913 106
587 1851 655 1934 (qui
694 1871 831 1914 causam
866 1849 996 1913 fulmen
1028 1849 1131 1912 fuisse
1166 1848 1376 1930 arbitratur):

235 1964 418 2056 „repertumst
446 1958 499 2029 ἐπί
525 1960 562 2030 το
598 1955 811 2030 Καπιτώλιον
850 1956 1044 2055 ἐνεχθέντος
1078 1955 1164 2027 ἄλλα
1200 1982 1236 2027 τε
1266 1954 1376 2027 πολλὰ

235 2079 287 2149 καί
314 2082 345 2148 οἱ
369 2085 435 2150 τῶν
465 2078 663 2179 Σιβυλλείων
695 2077 845 2176 χρησμοὶ
878 2075 1145 2175 διερθάρησαν.”

279 2199 346 2262 im.
371 2199 489 2274 Osan.
518 2205 596 2262 118:
630 2198 791 2274 „Aeditui
807 2198 829 2281 r)
854 2197 1059 2279 Capitolium
1082 2218 1150 2259 una
1172 2206 1273 2260 nocte
1297 2217 1375 2260 con·

237 2314 420 2398 flagrauit’'.

281 2455 310 2509 4.
335 2431 421 2497 Cum
443 2430 526 2494 Aee.
542 2431 567 2494 Ι.
593 2437 635 2510 84
660 2431 876 2494 consentiunt
896 2429 1030 2504 Liuius
1046 2429 1219 2504 Velleius,
1236 2428 1375 2503 Florus

235 2545 433 2629 Eutropius,
458 2547 615 2623 Orosius
640 2547 794 2610 similiter
817 2567 935 2609 omnes
959 2546 1104 2628 primum
1126 2545 1294 2626 proelium
1317 2546 1375 2607 ad-

235 2684 354 2727 uersus
377 2664 577 2726 Norbanum
600 2663 727 2726 factum
751 2683 827 2726 esse
850 2661 1051 2725 referentes:

279 2778 352 2842 Lr-v.
380 2778 597 2854 „Norbanum
620 2779 752 2861 proelio
776 2777 883 2842 uicit’.

278 2895 379 2960 Vsm.
419 2894 530 2970 „felici
561 2896 653 2958 circa
683 2894 836 2976 Capuam
867 2904 993 2957 euentu
1025 2876 1221 2976 Scipionem
1243 2893 1374 2957 Norba-

235 3030 383 3093 numque
407 3012 565 3076 consules
589 3020 744 3092 superat,
768 3030 911 3092 quorum
934 3010 1116 3072 Norbanus
1139 3010 1213 3072 acie
1237 3009 1383 3100 uictus'fi,

282 3282 302 3358 ¹)
322 3285 388 3342 Per.
399 3284 439 3342 l.l.
461 3281 638 3360 Pompeium
660 3283 719 3360 „ad
741 3301 831 3360 quem
854 3303 885 3342 se
905 3281 1044 3342 nobilitas
1062 3281 1158 3342 omnis
1172 3279 1374 3355 conferebat'',

235 3381 411 3442 nominatim
433 3382 539 3442 adfert.

277 3481 303 3562 2)
323 3484 418 3541 VELL.
446 3483 485 3540 II.
517 3497 571 3557 25:
600 3481 782 3559 „Crescebat
802 3480 833 3538 in
856 3479 918 3539 dies
939 3479 1037 3539 Sullae
1058 3479 1204 3539 exercitus
1225 3479 1375 3538 confluen-

235 3580 314 3642 tibus
335 3582 374 3640 ad
395 3600 464 3640 eum
485 3579 599 3658 optimo
621 3580 770 3656 quoque”.
804 3580 848 3639 ld.
870 3580 909 3638 II.
923 3599 960 3656 ²9
972 3599 978 3635 :
992 3579 1065 3657 „Cn
1080 3578 1240 3657 Pompeius
1251 3599 1287 3638 ex
1301 3597 1374 3656 agro

234 3679 344 3740 Piceno
356 3678 505 3740 contraxit
516 3677 710 3739 exereitum'’.

279 3778 304 3861 ³)
325 3781 403 3854 D10,
434 3778 474 3856 fg·
509 3781 581 3839 1062
617 3784 685 3856 „riu
711 3784 728 3845 ό
751 3777 922 3854 Μέτελλος
940 3782 971 3856 ἐς
995 3782 1051 3844 τὸν
1076 3776 1214 3848 Σύλλαν
1238 3769 1294 3861 ἧκε
1319 3783 1373 3842 καί

236 3887 353 3960 πλιῖςα
388 3891 475 3968 αὐτῷ
511 3887 697 3969 συνήρατο”.
741 3886 785 3944 Id.
813 3885 852 3962 fg.
881 3903 953 3962 107:
976 3888 1044 3963 „iirr
1069 3889 1087 3950 ὁ
1109 3894 1282 3970 Πομπήιος
1306 3892 1373 3962 υἱὸς

235 3989 275 4075 ἦν
306 4004 360 4060 τοῦ
385 3996 583 4079 Στράβωνος
609 4031 650 4039 -
675 3993 856 4078 ἀχθόμενος
881 3994 916 4058 δὲ
942 4004 1009 4069 τοῖς
1035 4002 1094 4076 τὴν
1119 3992 1215 4060 πόλιν
1242 3997 1373 4079 ἔχουσιν

237 4100 406 4182 ἐξωρμήθη
438 4103 468 4174 ἐς
499 4106 534 4167 τὸ
564 4103 716 4182 Πικηυὸν
749 4139 790 4146 -
817 4103 871 4166 καί
897 4107 941 4164 τῶ
966 4099 1080 4182 Σύλλᾳ
1105 4103 1374 4187 προςεχὼρηοευ”.

276 4203 302 4286 ⁴)
323 4205 431 4266 Scribit
448 4205 578 4284 Scaliger
592 4207 707 4266 aeditui
726 4207 814 4282 culpa
834 4205 882 4286 (cf.
896 4209 960 4266 Iun.
976 4207 1090 4277 OsssaQ.
1106 4209 1153 4267 ed.
1169 4207 1373 4285 Oudendorp,

235 4308 269 4364 L.
284 4307 318 4364 Β.
337 4323 433 4381 1720,
457 4326 485 4383 p.
511 4322 565 4380 172
588 4315 651 4365 not.
678 4305 718 4387 9).
760 4305 836 4363 Mihi
858 4324 930 4366 uero
952 4305 1025 4365 nihil
1040 4305 1230 4366 inserendum
1245 4305 1373 4366 uidetur.
1455 4343 1458 4354 ·

236 4406 272 4463 In
293 4407 407 4464 aeditui
430 4405 511 4492 aliud
532 4404 606 4482 quid
626 4406 707 4465 latet.
750 4405 860 4464 Narrat
893 4404 971 4465 enim
996 4405 1089 4465 Iulius
1111 4405 1287 4482 Obsequens
1308 4425 1375 4484 pro-

238 4503 333 4584 digia,
366 4523 427 4563 non
448 4523 494 4564 res
516 4523 592 4581 quae
612 4504 728 4564 incuria
749 4503 877 4564 hominis
898 4503 1047 4564 eueniunt.
