3284 5272
730 525 787 582 105

232 699 347 762 Nihilo
371 699 481 762 minus
505 697 623 762 Sullae
647 699 887 762 commercium
910 707 985 761 erat
1007 698 1225 760 libidinosum
1248 719 1325 762 cum

187 814 406 880 histrionibus
440 824 476 878 et
509 815 691 878 citharistis
726 824 762 878 et
789 814 909 877 mimis.
954 811 1108 896 Quorum
1140 814 1278 877 nomina
1304 836 1326 877 a

188 931 373 996 Plutarcho
397 941 533 994 seruata
555 940 647 1005 sunt,
672 950 796 1013 nempe
812 929 1002 994 Metrobius
1025 930 1159 1004 histrio,
1176 931 1326 994 Roscius

190 1048 390 1122 comoedus,
427 1045 540 1111 Sorex
573 1047 703 1110 mimus.
750 1045 827 1129 Quo
850 1045 978 1110 factum
1008 1056 1074 1122 est,
1110 1055 1148 1109 ut
1180 1067 1226 1109 ex
1266 1047 1326 1110 uili

189 1185 292 1228 causa
326 1173 439 1228 ortum
468 1166 625 1228 morbum
654 1165 777 1227 aluerit
806 1173 947 1247 totaque
978 1183 1058 1227 caro
1088 1163 1269 1245 paullatim
1291 1163 1326 1226 in
1357 1193 1358 1198 ¹

186 1281 365 1366 pediculos
396 1280 525 1346 abierit.
572 1279 672 1346 Serui
695 1281 768 1344 dies
798 1291 985 1363 noctesque
1009 1300 1068 1344 eos
1091 1281 1324 1355 decutiebant,

186 1398 248 1460 sed
271 1397 415 1460 subinde
437 1398 553 1479 plures
570 1398 826 1460 enascebantur.
849 1395 944 1459 Nihil
960 1416 1096 1478 quoque
1111 1395 1324 1477 proficiebat,

188 1514 280 1594 quod
302 1532 406 1594 saepe
429 1512 463 1576 in
486 1532 610 1594 aquam
633 1513 872 1587 descenderet,
894 1533 975 1575 nam
989 1512 1171 1575 multitudo
1187 1512 1325 1593 pedicu-

187 1629 297 1693 lorum
320 1649 456 1692 omnem
477 1631 685 1710 superabant
707 1629 956 1711 purgationem.
987 1628 1043 1691 De
1058 1628 1153 1691 hisce
1168 1628 1325 1692 sordibus

188 1765 310 1828 agens,
335 1745 418 1809 citat
440 1746 645 1809 Plutarchus
667 1746 805 1808 nomina
828 1766 963 1820 eorum,
980 1745 1037 1827 qui
1060 1747 1183 1810 eodem
1204 1746 1323 1808 morbo

188 1861 314 1925 adfecti
352 1861 520 1936 obierunt,
560 1871 596 1924 et
634 1859 773 1944 quidem
807 1881 852 1924 ex
885 1860 1124 1942 antiquissimis
1158 1860 1325 1924 Acastum

187 1977 305 2040 Peliae
328 1975 452 2052 filium,
476 1998 496 2040 e
518 1977 763 2060 posterioribus
782 1975 988 2040 Alcmanem
1011 1977 1174 2059 lyricum,
1197 1977 1324 2040 Phere-

188 2095 312 2177 cydem
345 2093 561 2176 theologum,
597 2092 841 2158 Callisthenem
877 2091 1078 2176 Olynthium
1112 2101 1149 2156 et
1172 2092 1323 2155 Mucium

189 2209 462 2272 iurisconsultum
489 2209 562 2292 (3⁶)·

234 2325 440 2389 Plutarchus
462 2325 561 2388 nobis
584 2335 704 2389 auctor
727 2335 795 2400 est,
819 2323 951 2390 Sullam
974 2345 1042 2387 non
1057 2325 1159 2388 modo
1178 2334 1325 2387 mortem

189 2462 287 2512 suam
310 2442 531 2506 uaticinatum
561 2463 651 2516 esse,
683 2443 745 2505 sed
768 2452 803 2506 et
829 2443 873 2505 de
897 2463 939 2505 ea
961 2441 1125 2523 scriptum
1147 2441 1324 2524 reliquisse

191 2548 318 2647 (,,ἀλλὰ
344 2550 466 2648 τρόπον
489 2548 561 2621 τινὰ
579 2551 632 2620 καλ
650 2551 797 2648 γέγραφε
814 2550 889 2648 περὶ
912 2547 1061 2648 αὒτῆς”).
1108 2555 1219 2618 Biduo
1236 2555 1326 2618 enim

189 2679 268 2734 ante
290 2671 422 2734 obitum
443 2669 546 2733 finem
575 2669 657 2734 fecit
680 2671 946 2746 commentariis,
975 2669 1180 2753 uigesimum
1207 2690 1325 2733 secun-

116 2783 118 2788 ’
189 2787 270 2848 dum
293 2786 417 2849 librum
440 2787 592 2850 scribens
605 2781 635 2868 ¹).

233 2902 349 2966 Nihilo
371 2923 455 2965 uero
473 2903 585 2966 secius
599 2901 742 2984 negotia
756 2901 895 2983 publica
910 2902 1078 2966 tractauit.
1101 2901 1189 2964 Nam
1204 2902 1325 2965 decem

189 3027 373 3100 antequam
410 3028 599 3083 moreretur
643 3018 763 3082 diebus
807 3018 991 3082 seditiones
1037 3017 1283 3082 Dicaearchiae
1302 3016 1325 3098 ²)

189 3135 332 3198 sedauit.

233 3251 348 3314 Pridie
371 3269 473 3334 quam
491 3254 742 3328 succumberet,
765 3261 961 3334 praetorem
976 3249 1155 3324 Granium,
1183 3251 1242 3332 qui
1265 3270 1324 3313 aes

190 3367 338 3431 alienum
372 3369 503 3451 grande
539 3369 689 3432 debebat
722 3368 869 3444 aerario,
908 3369 971 3432 sed
1004 3387 1072 3431 non
1106 3367 1326 3450 persoluebat

190 3627 321 3704 ρήτορος
350 3618 490 3703 ἀδελφή,
523 3618 706 3705 Οὐαλλερία
739 3620 772 3688 δὲ
798 3622 971 3700 rodoma?
1011 3622 1128 3680 Turbat
1148 3620 1326 3679 Plutarchus

188 3745 331 3802 personas
352 3745 389 3787 ac
410 3744 466 3785 res.
496 3725 674 3787 Hortensius
695 3727 773 3787 enim
793 3737 895 3788 orator
917 3746 1050 3787 sororem
1071 3725 1175 3787 habuit
1196 3727 1325 3786 Horten·

189 3824 280 3900 siam,
302 3827 344 3884 M.
377 3824 497 3885 Valerio
518 3827 675 3886 Messallae
705 3835 839 3905 nuptam.
872 3827 918 3886 cf.
947 3828 1131 3900 Dsuunnu,
1153 3828 1191 3885 Il.
1213 3846 1242 3904 p.
1267 3828 1325 3902 508

188 3934 251 3985 not.
284 3942 339 4002 973
370 3925 424 3984 III.
456 3944 486 4002 p.
520 3926 558 4000 78
565 3947 573 4000 ;
607 3945 636 4003 p.
674 3946 739 3984 112.
764 3961 800 3970 -
822 3925 979 4004 Ingeniosa
1005 3925 1076 3985 mihi
1097 3925 1216 3986 uidetur
1236 3925 1329 3992 lectio¹

189 4022 347 4108 ἀδελφιδῆ
371 4043 427 4100 pro
450 4022 597 4109 ἀδελφή,
629 4043 719 4102 quam
747 4023 918 4102 nuperrime
942 4024 1097 4102 proposuit
1117 4026 1264 4084 Krawmr
1284 4041 1325 4083 on

188 4132 308 4208 Jonas,
330 4151 360 4208 p.
386 4149 459 4204 101,
474 4132 548 4191 thes.
570 4133 623 4189 IV.
665 4130 734 4205 Qua
755 4138 876 4206 recepta
897 4128 998 4188 omnia
1020 4147 1083 4188 sese
1104 4137 1184 4188 recte
1204 4128 1324 4187 habent.

233 4229 256 4311 ¹)
278 4231 323 4290 Cf.
344 4232 481 4291 Prooem.
503 4251 533 4307 p.
556 4251 572 4289 2
595 4240 625 4289 et
645 4238 707 4289 not.
730 4248 758 4304 3.

230 4328 256 4410 ²)
277 4327 473 4388 Dicaearchia
500 4338 563 4390 erat
587 4331 657 4390 urbs
679 4326 876 4405 Campaniae,
898 4326 1004 4386 eadem
1025 4344 1062 4385 ac
1081 4325 1213 4400 Puteoli,
1235 4325 1324 4386 hodie

189 4427 337 4488 noanon.
359 4429 404 4489 cs.
420 4415 470 4488 Η.
491 4430 648 4503 Kmpmr,
670 4429 758 4487 Atlas
779 4428 936 4502 antiquus,
957 4425 1053 4485 seror.
1076 4423 1253 4486 Reimered.
1266 4427 1323 4500 vl,

192 4527 252 4588 tab.
275 4527 347 4586 VIIl
369 4527 436 4602 de
458 4525 549 4586 index
568 4547 597 4604 p.
621 4547 639 4604 9
660 4536 690 4586 et
715 4526 759 4584 18.
