3286 5272
666 518 740 616 '49

142 733 355 796 turnensium
390 733 527 805 lateret,
563 741 737 794 extractus
774 742 826 794 est
850 733 894 793 ab
918 731 1107 812 oppidanis.
1142 730 1287 795 Etcum

143 850 267 912 missus
290 851 334 910 ad
359 850 584 912 occidendum
608 868 686 910 eum
710 867 838 922 seruus,
863 846 1000 909 natione
1015 845 1290 922 GalluS,maies·

142 975 216 1028 tate
240 965 325 1028 tanti
349 965 412 1027 uiri
435 964 652 1046 perterritus,
677 963 889 1038 recessisset,
913 963 1079 1044 inpositus
1105 963 1243 1044 publice
1256 964 1290 1025 in

142 1081 259 1143 nauim
282 1081 418 1145 delatus
442 1090 495 1144 est
517 1081 552 1142 in
571 1078 753 1142 Africam.'’

190 1197 338 1260 Marium
366 1198 532 1260 iuniorem
564 1197 598 1258 in
628 1195 782 1258 Africam
811 1194 986 1258 traiecisse
1009 1194 1152 1257 totidem
1175 1195 1290 1258 uerbis

143 1311 350 1377 Plutarchus
382 1314 486 1377 etiarn
518 1313 608 1377 dicit.
656 1311 838 1393 Appianus
860 1310 893 1385 I,
918 1316 961 1373 oo
986 1331 1063 1373 eum
1090 1311 1177 1374 inter
1199 1312 1291 1374 uiros

144 1430 328 1494 duodecim
351 1439 521 1505 numerat,
543 1430 602 1513 qui
624 1430 742 1492 hostes
765 1428 815 1490 rei
833 1427 994 1508 publicae
1012 1427 1153 1490 iudicati
1176 1428 1292 1490 Roma

145 1544 362 1628 aufugerant.
407 1546 456 1608 Id.
480 1546 505 1620 I,
532 1551 570 1607 oz
598 1554 684 1608 extr.
708 1543 806 1618 dicit,
831 1544 973 1605 eosdem
996 1523 1040 1604 ad
1063 1543 1210 1606 Marium
1233 1563 1292 1625 pa·

145 1668 236 1720 trem
274 1661 409 1722 uenisse
444 1659 489 1721 ab
517 1657 734 1739 Hiempsale:
773 1651 806 1718 οἳ
843 1651 876 1728 ἐς
917 1649 976 1742 μὲν
1006 1646 1208 1748 Ἱεμψάλαν,
1235 1652 1291 1720 τὸν

145 1767 318 1865 Νομάδων
359 1769 529 1868 hortium,
554 1771 619 1842 ἀπὸ
660 1768 790 1866 Ρώμης
826 1770 989 1865 διέφυγον.
1027 1776 1148 1857 Itaque
1171 1796 1293 1839 reuera

145 1891 240 1953 idem
264 1901 388 1954 narrat.
412 1890 515 1972 Quod
530 1891 694 1972 periocha
708 1891 830 1964 habet,
847 1889 995 1952 Marium
1011 1901 1145 1970 patrem
1161 1899 1293 1953 extrae-

145 2015 222 2070 tum
253 2029 328 2070 esse
352 2029 372 2070 e
396 2008 578 2089 paludibus
609 2009 653 2070 ab
677 2007 857 2088 oppidanis
883 2006 1190 2083 MinturnensibuS,
1226 2027 1293 2069 non

146 2124 312 2185 adcurate
335 2123 519 2185 narrationi
542 2122 718 2186 Plutarchi
742 2111 943 2204 respondet,
967 2122 1097 2203 quippe
1122 2122 1179 2203 qui
1192 2123 1292 2196 dicat,

144 2240 216 2301 hoc
239 2238 368 2302 facturn
392 2259 468 2301 esse
492 2241 536 2301 ab
561 2239 625 2313 εἰς,
648 2239 706 2321 qui
730 2260 751 2301 a
774 2239 960 2301 Tarracina
983 2237 1076 2300 missi
1101 2249 1225 2301 essent.

194 2354 375 2436 Appianus
410 2365 446 2418 et
468 2355 585 2417 Liuius
619 2355 774 2418 similiter
803 2355 936 2430 dicunt,
959 2354 1133 2416 hominem
1156 2355 1293 2417 natione

147 2469 288 2534 Gallum
323 2474 368 2534 ad
396 2472 545 2535 Marium
574 2471 767 2535 necandum
799 2492 876 2534 esse
899 2471 1056 2546 missum;
1091 2491 1213 2534 uerum
1235 2471 1294 2534 ille
1328 2521 1329 2524 η

146 2588 265 2662 addit,
290 2607 369 2651 eum
381 2590 473 2669 apud
485 2587 738 2650 Minturnenses
754 2590 971 2664 commorari,
990 2589 1046 2652 hic
1063 2609 1141 2651 eum
1158 2608 1294 2652 seruum

37 2697 44 2706 ’
146 2704 254 2767 fuisse
277 2704 367 2768 facit.

195 2820 400 2884 Plutarchus
424 2821 553 2896 nescit,
579 2831 691 2884 utrum
714 2822 818 2884 homo
842 2821 900 2884 ille
925 2820 1066 2896 GalluS,
1090 2842 1134 2883 an
1157 2821 1295 2885 Cimber

148 2935 259 3000 fuerit.
291 2937 399 3000 Plane
423 2959 506 3000 uero
530 2938 629 3012 dicit,
654 2959 732 3000 eum
755 2958 824 3000 non
848 2958 923 3001 esse
947 2938 1102 3013 missum,
1126 2939 1202 3004 sed.
1216 2958 1294 3001 cum

149 3073 252 3116 nemo
288 3053 412 3116 ciuium
446 3053 577 3117 facinus
600 3063 737 3136 patrare
768 3056 926 3129 auderet,
956 3054 1045 3116 ultro
1068 3055 1187 3136 gladio
1215 3074 1293 3116 eon·

148 3179 249 3250 repto
273 3170 407 3233 exiisse.
431 3143 637 3233 Secundum¹
653 3171 799 3234 eundern
820 3191 925 3253 eques
954 3181 1036 3234 erat.

195 3285 351 3348 Tandem
374 3286 544 3369 quaedam
568 3287 798 3368 discrepantia
822 3287 1023 3349 obseruatur
1047 3288 1140 3369 quod
1163 3285 1294 3349 adtinet

151 3402 197 3463 ad
218 3403 349 3477 nauirn,
373 3422 441 3484 qua
464 3402 593 3465 Marius
616 3411 757 3465 auectus
781 3402 832 3465 sit.
876 3402 1031 3483 Namque
1055 3401 1172 3464 Liuius
1195 3402 1293 3477 dicit,

152 3539 232 3580 eum
260 3519 398 3601 publice
428 3519 463 3580 in
485 3533 570 3582 'eam
595 3539 670 3582 esse
693 3519 886 3601 inpositum.
933 3518 1138 3582 Plutarchus
1161 3528 1292 3593 narrat,

150 3635 266 3698 nauim
295 3636 327 3698 ei
352 3656 427 3698 esse
456 3636 648 3716 praebitam
671 3656 692 3697 a
715 3636 788 3697 uiro
817 3635 1056 3709 Minturnensi,
1093 3635 1147 3697 cui
1169 3654 1294 3697 nomen

153 3760 245 3815 esset
274 3751 414 3815 Belae0.
452 3750 632 3834 Appianus
665 3773 743 3814 eum
773 3751 861 3814 forte
889 3751 1025 3814 fortuna
1047 3751 1161 3813 nauim
1184 3751 1294 3832 pisca·

152 3867 274 3930 toriam
297 3869 467 3931 inuenisse
490 3867 602 3931 tradit.

198 3984 285 4046 Mihi
308 3995 423 4049 autem
446 4005 534 4066 quae
557 3985 592 4046 in
615 3984 779 4065 periocha
802 3973 957 4059 Liuiana,
988 4005 1077 4065 quae
1100 3986 1192 4065 apud
1215 3984 1293 4046 Plu·
1319 3981 1320 3984 ’

153 4102 322 4178 tarchum,
346 4123 434 4184 quae
458 4104 551 4183 apud
574 4100 773 4183 Appianum
796 4101 840 4163 de
864 4101 1034 4164 erroribus
1050 4101 1151 4163 Marii
1175 4101 1295 4182 legun·

153 4228 208 4280 tur
231 4218 341 4280 redire
364 4219 523 4281 uidentur
545 4219 590 4280 ad
612 4238 715 4280 unum
738 4216 883 4292 fontem,
908 4218 952 4279 ad
975 4217 1121 4279 Liuium.

199 4333 258 4396 Ad
281 4354 383 4416 quam
406 4334 625 4410 sententiam,
641 4343 808 4416 quatenus
832 4335 877 4396 ad
892 4333 1114 4396 Plutarchum
1129 4332 1293 4413 pertinet,

155 4470 197 4512 eo
228 4451 339 4533 magis
363 4451 515 4514 adducor
546 4451 688 4514 conlatis
711 4451 844 4514 duobus
867 4449 952 4513 locis
976 4448 1190 4512 Plutarcheis
1214 4469 1291 4512 cum

155 4565 296 4630 Valerio
319 4567 481 4631 Maximo

1176 4680 1192 4727 4
