3284 5272
847 509 886 566 62

343 697 476 780 Legati,
500 719 521 759 a
543 697 751 760 Mithradate
774 698 918 772 reuersi,
942 699 1115 773 dixerunt,
1128 701 1306 782 aequiores
1317 721 1438 784 regem

299 815 511 878 conditiones
535 815 579 876 ab
602 815 712 877 altero
736 815 973 876 Romanorum
997 816 1204 897 imperatore
1215 817 1243 878 F
1245 818 1367 880 imbria
1378 819 1441 881 im-

298 941 517 1013 patraturum.
534 930 732 1013 Respondit
755 929 868 1006 Sulla,
880 941 915 995 et
926 932 1112 996 Fimbriam
1124 934 1281 997 daturum
1292 954 1440 1016 poenaS,

300 1058 335 1112 et
365 1069 403 1110 se
427 1049 536 1130 ipsum
568 1067 670 1129 quarn
700 1047 845 1128 primurn
868 1049 901 1110 in
925 1048 1012 1111 Asia
1035 1050 1184 1112 uisurum
1206 1063 1441 1132 praesentem,

299 1184 466 1246 pacemne
488 1184 532 1226 an
554 1164 684 1226 bellum
707 1172 849 1244 cuperet
872 1164 1120 1228 Mithradates?

345 1280 443 1343 Haec
477 1279 615 1354 etiarm,
651 1281 695 1342 ad
730 1280 894 1362 Cypsella
928 1302 990 1364 per
1012 1283 1196 1346 Thraciam
1218 1285 1331 1356 duxit;
1357 1305 1442 1348 mox

301 1399 408 1460 mouit
442 1397 613 1480 Cypsellis
648 1408 683 1460 et
718 1397 945 1461 Mithradates
979 1399 1152 1482 Pergamo
1192 1421 1372 1482 rursusque
1406 1401 1443 1463 in
1494 1461 1497 1465 .

301 1514 518 1595 conloquium
541 1523 715 1576 uenerunt.
739 1513 823 1576 Rex
845 1515 938 1594 prior
952 1517 1060 1578 uerba
1075 1515 1172 1590 fecit,
1190 1514 1288 1579 Sulla
1302 1535 1444 1597 respon-

301 1631 360 1693 dit.
392 1629 493 1692 Cuius
523 1630 663 1691 tandem
693 1630 855 1692 iracunda
879 1631 1031 1693 oratione
1055 1632 1192 1694 territus
1216 1631 1443 1695 Mithradates

301 1746 335 1806 in
357 1746 454 1826 pacis
477 1746 688 1808 conditiones
712 1747 900 1820 consensit,
923 1747 1025 1828 inque
1037 1747 1185 1810 Pontum
1198 1748 1314 1821 rediit,
1331 1767 1443 1829 regno

302 1871 481 1925 contentus
493 1872 645 1943 paterno.
661 1861 778 1943 Atque
795 1862 843 1924 ita
858 1863 1004 1944 primum
1018 1864 1148 1925 bellum
1164 1863 1444 1927 Mithradaticum

304 1978 531 2059 compositum
555 1988 615 2040 est.
815 1973 818 1978 ’

346 2094 504 2176 Denique
539 2094 720 2176 Appianus
751 2095 894 2156 exitium
924 2095 1097 2158 Fimbriae
1127 2105 1256 2172 narrat,
1281 2097 1338 2178 qui
1360 2095 1442 2158 Per·

301 2213 396 2294 garni
419 2212 453 2274 in
480 2211 610 2292 templo
637 2209 839 2292 Aesculapii
862 2211 981 2292 gladio
996 2231 1033 2273 se
1049 2213 1224 2293 percussit.
1249 2211 1333 2275 Cum
1356 2232 1440 2274 uero

302 2329 423 2391 uulnus
457 2348 526 2390 non
560 2338 650 2390 esset
684 2328 809 2400 letale,
847 2338 985 2389 seruum
1014 2329 1156 2409 adigere
1179 2329 1291 2390 denuo
1314 2327 1442 2390 ferrum

302 2447 414 2520 iussit,
439 2445 496 2526 qui
518 2445 692 2507 dominum
707 2445 868 2526 primum,
884 2444 999 2507 statim
1022 2465 1106 2507 uero
1129 2466 1167 2507 se
1182 2446 1293 2527 ipsum
1305 2465 1440 2526 quoque

302 2560 479 2624 interfecit
526 2561 651 2642 Copias
685 2561 857 2623 Fimbriae
891 2561 927 2622 in
960 2559 1064 2623 fidem
1088 2559 1186 2625 Sulla
1208 2562 1341 2642 recepit
1363 2581 1440 2624 cum

303 2679 439 2759 suisque
462 2679 637 2741 coniunxit
668 2677 831 2760 (51—60).

348 2792 461 2869 Sulla,
484 2804 666 2876 postquam
690 2795 734 2856 ad
757 2803 913 2856 senatum
941 2794 1055 2856 omnia
1077 2794 1283 2875 perscripsit,
1307 2795 1442 2857 hostem

303 2933 341 2974 se
363 2912 548 2974 iudicatum
571 2931 647 2973 esse
670 2911 899 2981 dissimulans
931 2909 1053 2972 Asiam
1075 2911 1286 2999 prouinciam
1309 2912 1440 2974 ordina-

304 3029 354 3091 uit
376 3029 531 3109 interque
553 3027 672 3109 populi
694 3027 846 3089 Romani
862 3027 974 3090 socios
990 3027 1149 3101 IlienseS,
1166 3025 1282 3101 Chios,
1299 3026 1440 3109 Lysim,

257 3230 259 3234 ι
303 3146 478 3220 Rhodios,
517 3144 736 3226 Magnesios,
772 3144 857 3206 alios
887 3144 1075 3225 adscripsit.
1115 3143 1232 3206 Edixit
1254 3164 1356 3224 porro
1379 3164 1442 3226 per

305 3283 510 3345 praecones,
540 3270 578 3324 ut
600 3270 766 3342 quotquot
788 3260 958 3341 mancipia
973 3261 1169 3323 libertatem
1192 3281 1213 3322 a
1235 3260 1443 3323 Mithradate

304 3381 518 3461 accepissent
556 3379 670 3441 statim
701 3378 850 3441 redirent
873 3379 908 3440 in
931 3378 1074 3441 herilem
1097 3386 1313 3458 potestatem.
1356 3378 1444 3439 Tum

305 3496 526 3560 seuerissimis
538 3493 782 3557 adliciebantur
797 3495 916 3576 poenis
933 3494 1025 3556 ciues
1041 3495 1097 3555 uel
1112 3494 1239 3574 populi,
1256 3493 1313 3575 qui
1325 3493 1443 3575 regiae

305 3613 438 3676 fuerant
475 3606 641 3674 factionis.
686 3610 771 3673 Post
809 3611 895 3672 haec
928 3611 1112 3690 optimates
1135 3610 1312 3672 ciuitatum
1335 3609 1444 3683 iussit,

306 3731 350 3791 ad
385 3739 516 3792 certum
551 3728 642 3789 diem
672 3727 801 3808 Ephesi
832 3728 963 3788 adesse.
1010 3724 1101 3788 Inter
1132 3745 1232 3806 quos,
1247 3708 1445 3807 ¹postquam

306 3854 549 3918 conuenerunt,
572 3864 635 3925 pro
659 3843 820 3906 tribunali
844 3853 896 3905 est
919 3842 1143 3904 contionatus
1178 3840 1350 3904 Orationis
1374 3841 1444 3903 eius

307 3983 438 4024 summa
473 3971 561 4054 erat:
596 3962 721 4023 multas
755 3962 800 4022 ob
836 3977 973 4034 causa5‚
998 3960 1060 4021 sed
1083 3959 1118 4020 in
1145 3959 1262 4039 primis
1286 3959 1443 4039 quoniam

307 4078 542 4140 sustinuissent
564 4075 644 4138 illae
668 4076 823 4139 ciuitates
834 4076 926 4138 iussu
942 4074 1167 4148 MithradatiS,
1184 4094 1251 4136 uno
1268 4074 1324 4136 die
1340 4075 1445 4136 Italos

308 4214 425 4258 omnes
447 4191 638 4256 interficere
658 4213 736 4254 cum
750 4192 868 4254 liberis
884 4199 919 4253 et
934 4191 1099 4254 matribus
1111 4210 1151 4253 ac
1167 4211 1210 4252 ne
1226 4190 1294 4254 illis
1309 4190 1445 4271 quidem

307 4311 556 4393 pepercissent,
580 4309 639 4390 qui
661 4311 706 4372 ad
729 4310 833 4371 aedes
857 4318 892 4372 et
915 4308 1044 4391 templa
1068 4306 1300 4389 confugissent
1314 4355 1321 4380 ‚
1334 4306 1443 4387 publi-

309 4448 385 4490 cam
408 4428 456 4490 eis
479 4426 623 4488 multam
650 4426 799 4507 inrogari
824 4435 994 4507 oportere.
1018 4424 1188 4506 Populum
1211 4443 1292 4486 uero
1315 4423 1444 4485 Roma-

309 4564 388 4606 nurn
441 4543 640 4624 sanguinem
682 4563 748 4603 non
795 4562 959 4622 quaerere
1009 4542 1200 4621 caedesque
1248 4540 1357 4620 inpias
1404 4560 1443 4602 ac
