3284 5272
724 537 765 609 60

221 726 319 808 Quae
354 737 468 789 tamen
503 745 559 787 res
590 725 672 786 mihi
702 745 770 786 non
794 727 930 786 obstare
953 723 1111 785 uidentur
1133 723 1312 804 quominus

175 843 397 906 Posidonium
431 841 561 905 fontem
584 842 789 915 habeamus,
814 861 891 904 cum
922 841 956 902 in
988 840 1132 902 caeteris
1156 839 1313 902 omnibus

175 968 319 1040 uterque
345 959 468 1021 eadem
489 956 597 1020 ferme
620 957 805 1020 memoriae
828 958 960 1037 prodat.
1005 956 1140 1018 Nemini
1163 965 1256 1018 certe
1279 956 1313 1016 in

177 1085 328 1138 mentem
350 1074 464 1137 ueniet
487 1073 700 1166 exipimare,
725 1073 828 1137 alium
844 1071 948 1135 fuisse
965 1071 1192 1146 Aristionem,
1209 1071 1312 1134 alium

175 1190 416 1254 Athenionem.
462 1189 541 1252 Non
563 1199 732 1252 certamus
756 1189 799 1252 de
822 1189 1022 1251 nominibus,

220 1306 428 1370 Praesertim
461 1306 648 1368 notandum
683 1314 750 1380 est,
794 1304 993 1386 Appianum
1024 1313 1060 1367 et
1093 1303 1313 1366 Posidonium

174 1423 302 1504 pariter
324 1422 368 1483 de
391 1421 605 1502 philosophis
628 1421 810 1502 disputare.

219 1538 400 1620 Appianus
423 1539 680 1613 animaduertit,
704 1540 830 1602 multos
854 1537 1079 1619 philosophos
1094 1538 1174 1599 inde
1197 1557 1218 1598 a
1238 1556 1313 1617 sep-

176 1664 246 1718 tem
289 1655 499 1736 sapientibus
545 1654 773 1735 principatum
815 1652 1006 1716 adfectasse
1045 1653 1079 1714 in
1108 1649 1313 1716 'ciuitatibus

176 1771 457 1853 tyrannidemque
488 1790 676 1852 occupasse
697 1757 742 1833 ¹et
766 1770 974 1833 crudeliores
998 1769 1187 1844 exstitisse,
1211 1790 1314 1851 quarn

176 1908 252 1968 eos,
288 1888 361 1970 qui,
392 1888 561 1969 sapientia
582 1909 650 1951 non
674 1888 798 1962 inbuti,
830 1887 1066 1968 peruenissent
1096 1887 1140 1948 ad
1162 1895 1313 1967 potesta·

175 2020 262 2072 tem:
287 1999 379 2097 „thre
401 2002 453 2108 καί
479 2003 554 2100 περί
579 2009 646 2072 τῶν
677 2001 787 2073 ἄλλων
815 2001 1009 2098 φιλοσόφων
1030 2000 1155 2100 ἄπορον
1173 2008 1313 2099 ποιῆσαι

175 2132 227 2201 καί
254 2128 419 2218 ὕποπτον,
446 2133 511 2201 εἴτε
539 2130 578 2202 δι’
606 2133 741 2230 ἀρετὴν,
761 2132 826 2202 εἴτε
852 2131 965 2208 πενίας
992 2130 1045 2200 καί
1072 2130 1233 2227 ἀπραξίας
1249 2131 1312 2226 τὴν

176 2261 295 2356 σοφίαν
324 2259 438 2331 ἔθεντο
464 2259 709 2359 παραμύθιον.”

220 2390 441 2465 Posidonius,
464 2410 658 2453 memorans
680 2389 913 2453 Athenionem
939 2389 1119 2472 tyrannide
1145 2399 1313 2471 occupata

175 2517 285 2577 bonos
309 2515 402 2576 ciues
418 2535 437 2576 e
453 2515 568 2576 medio
584 2513 774 2588 sustulisse,
790 2513 888 2576 dicit:
913 2507 975 2600 „rh
993 2511 1059 2575 τῶν
1074 2502 1311 2602 Πυθαγορικῶν

178 2634 348 2714 ἀναδείξας
366 2635 473 2729 δόγμα
491 2635 566 2732 περὶ
586 2641 647 2731 τῆς
668 2633 865 2734 ἐπιβουλῆς,
888 2635 941 2704 καί
960 2639 990 2704 τί
1012 2631 1175 2732 ἠβούλετο
1203 2634 1313 2712 αὐτοῖς

177 2767 200 2860 ἡ
228 2763 426 2860 φιλοσοφία,
454 2763 497 2859 ἣν
525 2767 542 2833 ὁ
569 2764 667 2842 καλὸς
694 2760 895 2860 Πυθαγόρας
921 2761 1155 2861 είςηγήσατο.”

220 2899 359 2963 Addam
382 2902 521 2963 tandem
544 2902 652 2963 uerba
676 2899 850 2962 Athenaei
873 2899 915 2962 V.
946 2920 978 2981 p.
1004 2920 1063 2961 211
1092 2901 1123 2962 d.
1147 2920 1189 2962 e.:
1215 2893 1313 2989 „trapi

178 3022 215 3090 οὔ
244 3019 469 3118 (Αθηνίοινος)
497 3020 572 3092 καθ’
599 3021 701 3102 ἕκαςα
729 3025 829 3119 ἱςορεῐ
850 3019 1069 3100 Ποσειδώνιος
1089 3025 1106 3091 ὁ
1130 3018 1310 3115 Ἀπαμεύς.

177 3148 274 3248 άπερ,
303 3153 331 3221 εἰ
357 3151 409 3221 καί
428 3150 617 3248 μακρότερά
636 3153 713 3235 ἐςιν,
735 3149 922 3248 ἐκθήσομαι
949 3151 987 3220 ἵν’
1002 3149 1167 3242 ἐπιμελῶς
1186 3149 1312 3228 πάντας

177 3275 381 3372 ἐξετάζωμεν
409 3278 485 3357 τοὺς
512 3277 699 3374 φάσκοντας
726 3281 807 3348 εἶναι
835 3278 1055 3374 φιλοσόφους,
1089 3278 1142 3348 καί
1170 3279 1217 3374 μὴ
1245 3285 1312 3356 τοῖς

174 3405 355 3506 τριβωνίοις
381 3407 433 3476 καί
459 3413 525 3484 τοῖς
553 3405 705 3504 ἀκάρτοις
732 3406 872 3501 πώγωσι
895 3404 1116 3500 πιςεὺωμεν.”

221 3535 333 3616 Quam
357 3537 402 3598 ob
426 3553 564 3599 causam
595 3536 677 3599 App.
700 3533 823 3599 lelrr.
851 3542 890 3599 28
922 3536 1081 3600 haustum
1105 3555 1180 3598 esse
1205 3557 1224 3598 e
1247 3535 1312 3598 Po-

176 3651 308 3714 sidonio
331 3651 490 3714 existimo
508 3648 538 3732 ¹).

220 3767 303 3831 Aer.
334 3765 457 3830 Mz‘tlzr.
484 3789 533 3845 29.
580 3767 784 3830 Plutarchus
818 3788 873 3830 res
908 3767 1006 3830 aliter
1035 3777 1158 3831 narrat.
1204 3767 1313 3831 Tacet

177 3885 266 3948 enim
301 3885 344 3946 de
379 3883 606 3964 Metrophane
642 3893 745 3965 atque
776 3885 820 3946 de
850 3904 970 3967 pugna
991 3885 1113 3947 nauali.
1159 3884 1312 3946 Bruttius

177 3998 264 4063 Sura
298 4000 485 4062 secundum
515 3998 738 4061 Plutarchum
765 4000 903 4080 legatus
927 4009 980 4062 est
1003 3997 1127 4074 Sentii,
1151 3999 1312 4062 Macedo·

176 4117 253 4179 niae
265 4117 447 4199 praetoris,
464 4136 590 4198 neque,
610 4115 697 4178 sicut
712 4115 892 4197 Appianus
904 4117 1025 4192 habet,
1042 4137 1120 4180 cum
1137 4117 1311 4179 Archelao

176 4243 285 4296 marte
316 4234 487 4296 communi
518 4231 740 4308 conflictatur,
776 4234 837 4295 sed
872 4234 979 4296 tribus
1009 4235 1054 4296 ad
1077 4232 1309 4296 Chaeroneam

177 4427 261 4434 ρῳ-
274 4427 315 4432 ...-
325 4427 383 4432 m-..-

223 4557 245 4637 ¹)
267 4559 313 4615 Ita
334 4556 423 4615 etiam
445 4554 583 4633 opinatur
605 4558 771 4629 Murmur,
788 4561 840 4633 fg.
863 4559 905 4614 H.
932 4556 988 4614 Gr.
1017 4555 1075 4614 Vol
1114 4557 1166 4613 Ill.
1190 4576 1219 4632 p.
1243 4574 1309 4630 270.
