3286 5272
762 522 798 576 or

213 709 322 783 dauit,
339 709 515 772 consilium
539 717 719 772 mutarunt.
732 709 863 772 Urbem
879 709 1031 773 Fimbria
1046 711 1220 792 ingressus
1232 711 1353 774 obuios

211 825 382 890 interfecit
394 826 680 907 quosque,omnia
691 826 851 889 incendit.
876 826 1063 909 Perperam
1071 827 1234 908 Appiano
1243 829 1353 892 iudice

212 943 394 1023 perhibent
410 942 580 1017 nonnulli,
605 942 813 1017 Palladium,
836 943 917 1006 olim
930 944 973 1006 de
986 945 1085 1006 coelo
1098 944 1293 1025 delapsum,
1306 945 1354 1006 in·

213 1058 343 1122 laesum
366 1068 446 1122 tunc
470 1079 546 1122 esse
570 1059 760 1134 inuentum,
785 1073 861 1123 cum
882 1069 1024 1135 constet,
1038 1061 1191 1124 ablatum
1204 1080 1279 1123 esse
1291 1061 1356 1123 Ilio

211 1176 306 1237 bello
329 1175 478 1238 Troiano
494 1177 538 1238 ab
555 1176 681 1258 Ulysse
698 1196 739 1238 ac
754 1174 934 1240 Diomede.
962 1174 1069 1252 „Sunt
1085 1186 1199 1240 autem
1208 1176 1232 1252 ,’'
1247 1177 1355 1260 inquit

212 1290 409 1373 AppianuS,
445 1291 520 1373 „qui
549 1292 639 1355 inter
667 1293 756 1355 hanc
785 1301 821 1354 et
851 1293 998 1374 priscam
1021 1293 1115 1355 illam
1138 1292 1192 1356 Ilii
1220 1293 1354 1356 cladem

213 1409 347 1472 circiter
368 1409 436 1471 ML
460 1429 567 1472 annos
589 1410 802 1473 intercedere
829 1410 975 1493 putent.'’

257 1524 485 1603 Mithradates
508 1544 570 1605 per
583 1525 725 1588 *litteras
744 1525 919 1589 Archelao
943 1528 1097 1607 mandat,
1122 1535 1160 1588 ut
1182 1541 1284 1608 quam
1295 1527 1354 1588 ho·

210 1641 416 1718 nestissimis
433 1652 550 1724 posset
573 1643 823 1706 conditionibus
846 1641 949 1706 finem
972 1644 1067 1706 bello
1090 1643 1203 1708 faciat.

257 1758 449 1822 Archelaus
473 1768 508 1821 et
532 1757 630 1822 Sulla
653 1761 696 1821 ad
721 1760 940 1840 conloquium
964 1761 1178 1824 conueniunt.
1202 1758 1354 1842 Quorum

211 1875 267 1937 hic
302 1875 337 1936 in
371 1873 438 1937 fine
473 1875 524 1937 sui
560 1877 604 1937 ad
638 1875 805 1939 Archelai
839 1877 1029 1940 orationem
1064 1877 1219 1959 responsi
1254 1876 1354 1950 dixit,

212 2008 357 2072 aequum
381 2012 473 2066 esse,
498 1992 609 2054 nullas
633 2013 654 2054 a
666 2013 703 2054 se
720 1993 856 2054 omnino
872 1993 968 2074 pacis
985 1993 1197 2055 conditiones
1213 1993 1355 2055 Mithra·

213 2107 283 2171 dati
306 2109 457 2171 concedi.
503 2108 670 2172 Archelai
692 2130 775 2174 uero
805 2111 918 2192 gratia
947 2130 1068 2192 regem
1091 2110 1226 2172 ueniam
1249 2110 1354 2191 impe-

182 2261 184 2264 *
211 2233 376 2287 traturum
410 2245 432 2286 a
455 2222 490 2288 S.
513 2225 551 2287 P.
576 2224 617 2306 Q.
641 2226 707 2300 R.,
732 2226 760 2288 si
784 2246 830 2288 ex
853 2227 966 2289 animo
989 2226 1177 2307 resipuerit.
1224 2224 1355 2307 Quodsi

211 2357 301 2403 nunc
324 2357 460 2423 quoque
484 2341 672 2415 simularet,
697 2362 734 2404 se
758 2342 970 2405 Archelaum
983 2362 1217 2417 commonere,
1231 2350 1268 2405 ut
1279 2342 1354 2423 ipse

212 2457 276 2520 sibi
311 2458 505 2520 consuleret
537 2467 822 2539 praesentemque
857 2468 982 2522 statum
1016 2478 1128 2520 rerum
1163 2467 1235 2521 tam
1264 2456 1354 2520 illius

211 2586 314 2655 quam
337 2588 472 2636 suarum
497 2573 728 2637 consideraret
759 2574 1010 2656 cogitaretque,
1033 2595 1101 2656 quo
1120 2584 1225 2656 pacto
1249 2583 1284 2637 et
1295 2573 1354 2636 ille

212 2691 288 2753 aliis
311 2712 330 2753 e
354 2691 422 2753 suis
452 2691 570 2754 amicis
600 2711 680 2753 usus
711 2700 802 2754 esset
830 2701 866 2754 et
896 2692 1051 2781 Romani.
1078 2711 1145 2772 quo
1176 2693 1279 2754 modo
1302 2691 1355 2754 usi

212 2817 327 2870 essent
349 2807 502 2870 Eumene
526 2817 561 2871 et
580 2807 770 2870 Masinissa.

257 2923 316 2987 Ad
349 2925 435 2987 haec
470 2933 585 2987 autem
608 2922 804 2988 Archelaus
826 2927 1054 3006 respondens,
1078 2925 1353 3010 indignabundus

212 3039 436 3103 tentationem
455 3039 662 3121 repudiauit,
674 3061 808 3123 negans
819 3061 857 3103 se
870 3057 1019 3123 unquam
1034 3041 1246 3122 proditurum
1258 3058 1353 3115 eum,

211 3156 269 3239 qui
293 3156 358 3220 sibi
381 3155 560 3237 imperium
581 3157 808 3220 commisisset
833 3157 1018 3239 copiarum.
1065 3157 1120 3219 De
1139 3177 1226 3239 pace
1238 3166 1353 3220 autem

211 3273 301 3336 bene
325 3293 462 3355 sperare
485 3293 538 3348 se,
562 3275 694 3349 aiebat,
719 3273 748 3336 si
775 3276 878 3337 modo
894 3275 1000 3338 iustas
1027 3273 1126 3338 Sulla
1142 3274 1354 3336 conditiones
1399 3305 1402 3316 ι

212 3391 353 3454 tulisset.

256 3508 345 3570 Tum
368 3505 467 3571 Sulla
490 3507 703 3570 conditiones
726 3527 804 3570 suas
827 3508 929 3570 dixit:
966 3507 1193 3570 Mithradates
1216 3527 1352 3569 omnem

212 3627 357 3689 classem
391 3627 558 3700 traderet,
593 3627 713 3700 duce5‚
749 3627 901 3708 legam,
937 3625 1108 3706 captiuos,
1139 3622 1352 3705 transfugas,

212 3762 330 3804 seruos
351 3715 526 3816 redderet,
551 3740 654 3804 Chios
678 3763 698 3803 e
721 3741 833 3803 Ponto
857 3739 1059 3814 dimitteret,
1083 3739 1253 3820 praesidia
1267 3737 1352 3800 locis

212 3860 397 3921 deduceret
420 3857 593 3930 omnibus
618 3867 770 3937 sumptus
794 3857 940 3939 denique
952 3856 986 3918 in
998 3857 1065 3918 hoc
1080 3856 1211 3918 bellum
1226 3855 1351 3928 factOS,
1367 3833 1369 3837 Ι

213 3974 307 4037 cuius
340 3973 414 4055 ipse
449 3994 551 4036 causa
585 3971 719 4047 fuisset,
758 3972 952 4035 restitueret
986 3993 1027 4034 ac
1061 3980 1204 4053 paterno
1243 3990 1352 4052 regno

140 4141 143 4145 .
212 4099 392 4153 contentus
416 4099 515 4153 esset.
562 4088 694 4170 Quibus
728 4088 867 4163 auditiS,
901 4088 1096 4151 Archelaus
1120 4089 1163 4149 de
1187 4087 1352 4149 conditio·

212 4207 310 4269 nibus
334 4207 378 4268 ad
404 4226 523 4288 regem
546 4205 752 4286 perscripsit.

257 4321 392 4386 lnterea
416 4321 514 4386 Sulla
536 4323 625 4384 bene
650 4321 720 4384 otio
731 4330 830 4383 utens
850 4319 994 4394 Enetos
1011 4319 1208 4396 Dardanos,
1225 4317 1349 4393 Sintos

212 4449 336 4522 gentes
358 4438 543 4513 Thraciae,
567 4457 655 4520 quae
678 4437 918 4500 Macedoniam
944 4436 1190 4499 incursionibus
1214 4434 1349 4498 infesta·

212 4558 311 4632 bant,
335 4554 417 4618 uicit
440 4565 475 4618 et
497 4556 680 4637 populatus
710 4563 770 4618 est.
1074 4535 1076 4542 ¹
