3284 5272
843 517 903 560 110

302 691 443 774 fligauit.
489 689 600 766 Sulla,
634 702 671 754 ut
706 690 796 754 fame
825 691 971 754 Marium
995 703 1225 774 expugnaret,
1253 693 1439 758 Praeneste

302 809 395 870 uallo
429 828 469 871 ac
499 806 591 880 fossa
622 828 641 870 e
673 808 861 890 longinquo
893 808 1001 872 cinxit
1034 811 1232 891 praeposito
1257 812 1351 892 operi
1374 811 1440 874 Lu-

301 924 408 987 cretio
432 922 555 988 Ofella.
599 923 729 986 Marius
752 924 876 999 Bruto,
899 924 1050 1005 praetori
1073 926 1220 1000 urbano,
1236 927 1383 1008 scripsit,
1399 930 1440 992 ut

301 1037 506 1103 interficeret
539 1040 577 1103 P.
600 1038 804 1115 Antistium,
837 1040 982 1103 alterum
1020 1041 1195 1123 Papirium
1230 1041 1438 1117 Carbonem,

301 1155 339 1220 L.
363 1156 565 1230 Domitium,
593 1155 746 1220 Mucium
779 1153 985 1220 Scaeuolam
1019 1155 1215 1238 pontificem
1239 1159 1439 1234 maximum3

302 1273 394 1353 quod
426 1269 508 1335 fecit
546 1271 674 1335 Marius
705 1271 894 1353 desperatis
917 1273 1036 1346 rebus,
1070 1293 1113 1336 ne
1140 1273 1293 1337 inimicos
1317 1276 1438 1336 saltem

301 1388 506 1470 relinqueret
528 1388 735 1470 superstites,
781 1389 908 1452 Brutus
934 1407 997 1469 per
1027 1399 1245 1470 praetextum
1268 1393 1438 1472 quendam

300 1514 489 1567 conuocato
516 1513 637 1566 senatu
667 1504 753 1566 duos
783 1503 914 1585 priores
944 1503 979 1565 in
1010 1503 1085 1585 ipsa
1115 1504 1208 1567 curia
1231 1505 1436 1568 occidendos

301 1620 448 1696 curauit;
477 1620 648 1684 Domitius
677 1618 814 1703 fugiens
842 1618 1040 1683 interfectus
1064 1621 1172 1684 estin
1194 1619 1338 1696 foribus,
1371 1642 1438 1684 non

301 1737 406 1819 longe
430 1757 451 1798 a
473 1737 566 1800 curia
589 1736 730 1800 Mucius.
778 1734 973 1802 Secundum
1004 1756 1148 1812 morem,
1172 1737 1229 1819 qui
1252 1737 1319 1800 iam
1346 1737 1438 1800 inua-

301 1852 426 1926 luerat,
451 1854 621 1916 cadauera
643 1854 792 1916 omnium
815 1853 850 1917 in
873 1853 1024 1917 Tiberim
1047 1863 1124 1916 sunt
1146 1853 1309 1935 proiecta.

347 1965 446 2032 Sulla
479 1969 613 2032 interim
644 1969 832 2032 exercitum
854 1969 888 2032 in
920 1968 1050 2050 Campo
1081 1968 1207 2032 Martio
1230 1970 1438 2044 conlocauit,

301 2086 421 2148 urbem
451 2085 560 2166 ipsam
592 2085 765 2168 ingressus
798 2094 864 2157 est,
895 2086 987 2148 bona
1015 2085 1205 2167 publicauit
1235 2105 1354 2148 eorum
1382 2087 1438 2148 ad-

302 2221 423 2264 uersae
451 2199 623 2276 factionis,
657 2201 715 2283 qui
745 2201 813 2263 iam
848 2201 971 2282 dilapsi
1002 2210 1106 2265 erant.
1153 2200 1338 2265 Aduocata
1361 2222 1437 2266 con·

301 2317 393 2380 tione
417 2325 623 2398 conquestus
647 2326 713 2391 est,
737 2337 775 2380 se
798 2318 885 2380 haec
904 2315 1018 2379 facere
1035 2326 1192 2380 coactum
1213 2307 1305 2392 es'se,
1331 2337 1438 2399 popu·

301 2433 370 2496 lum
399 2454 482 2496 uero
509 2435 600 2496 bono
632 2433 744 2496 animo
775 2453 851 2496 esse
874 2433 979 2496 iussit.
1025 2431 1156 2514 Quibus
1178 2432 1277 2496 factis
1300 2433 1436 2496 Romae

301 2549 505 2630 praesidium
530 2549 669 2631 reliquit
692 2545 947 2631 clusiumque-1)
970 2549 1014 2611 ad
1036 2549 1167 2612 bellum
1190 2547 1436 2613 conficiendum

305 2673 358 2728 est
378 2664 559 2746 profectus.
605 2665 673 2728 Hic
695 2686 716 2728 a
739 2666 821 2728 solis
844 2674 920 2729 ortu
939 2685 1045 2747 usque
1074 2667 1118 2727 ad
1134 2685 1293 2728 occasum
1320 2665 1437 2728 aduer-

306 2800 363 2843 sus
397 2779 589 2845 Carbonem
619 2781 800 2863 proeliauit
829 2781 941 2844 Marte
965 2781 1151 2855 communi;
1185 2801 1256 2843 nox
1285 2801 1438 2866 pugnam

302 2897 445 2961 diremit.

345 3013 529 3095 Pompeius
552 3024 587 3078 et
611 3013 751 3078 Crassus
774 3014 808 3076 in
831 3013 1029 3096 regionibus
1052 3013 1144 3076 circa
1167 3011 1359 3097 Spoletium
1375 3014 1438 3076 tria

300 3131 393 3193 milia
431 3130 722 3195 Carbonianorum
760 3131 958 3194 ceciderunt
1000 3129 1277 3211 Carrinatemque
1316 3130 1439 3193 ducem

301 3247 557 3311 circumsedere.
609 3246 677 3329 Qui
710 3257 825 3311 tamen
859 3267 943 3309 mox
976 3267 1038 3328 per
1076 3247 1291 3310 occasionem
1328 3246 1438 3309 noctis

301 3365 466 3427 obscurae
496 3384 537 3428 ac
569 3364 708 3446 pluuiae
732 3364 849 3427 euasit.
895 3362 1035 3427 Frustra
1058 3372 1130 3427 tum
1153 3363 1198 3425 ad
1221 3362 1438 3425 eximendum

301 3479 478 3543 obsidione
509 3479 656 3543 Marium
688 3480 800 3545 Carbo
831 3479 922 3543 misit
953 3479 1120 3543 Marcium
1143 3499 1221 3541 cum
1243 3477 1438 3560 legionibus

300 3605 394 3671 octo;
418 3595 603 3677 Pompeius
626 3595 716 3659 enim
738 3596 805 3659 hoc
835 3594 1025 3677 prohibuit,
1050 3614 1096 3656 ex
1117 3591 1246 3656 insidiis
1269 3590 1438 3655 Marcium

301 3713 448 3776 adortus.

345 3828 461 3891 Nihilo
484 3829 595 3911 magis
617 3829 651 3893 id
676 3826 812 3893 efficere
834 3836 1019 3909 potuerunt
1041 3826 1088 3888 M.
1111 3825 1320 3906 Lamponius
1336 3845 1355 3886 e
1370 3823 1438 3886 Lu·

348 4123 367 4206 ¹)
387 4124 439 4184 Ad
459 4143 521 4199 res,
542 4123 584 4184 ibi
604 4143 622 4182 a
642 4121 722 4183 Sulla
743 4132 855 4201 gestas,
877 4122 1024 4199 pertinere
1039 4120 1159 4181 uidetur
1173 4117 1343 4195 inscriptio,
1360 4136 1437 4194 quae

193 4252 194 4256 ¹
300 4245 396 4302 nuper
406 4224 437 4284 in
446 4222 546 4301 lapide
556 4221 714 4282 Tiburtino
725 4221 837 4300 ingenti
847 4229 966 4297 reperta
977 4230 1020 4280 est
1032 4219 1123 4280 Clusii
1133 4218 1164 4277 in
1175 4217 1244 4291 uia,
1257 4235 1317 4294 qua
1327 4216 1386 4276 itur
1397 4218 1438 4276 ad

300 4323 455 4384 eeclesiam
477 4322 697 4382 cathedralem:
723 4323 756 4380 L.
778 4319 990 4380 CORNELIO
1012 4321 1045 4378 L.
1060 4320 1089 4398 f
1105 4319 1261 4378 SVLLAE
1281 4317 1305 4374 F
1307 4316 1440 4376 EELICi

301 4425 382 4484 DIC.
414 4423 459 4484 Cf.
480 4423 659 4492 MoMMsuu,
687 4423 718 4482 C.
735 4421 822 4495 I.L.,
837 4422 860 4478 Ι,
881 4439 909 4496 p.
933 4421 1006 4492 168,
1021 4417 1064 4478 n0.
1079 4419 1146 4495 586.
1169 4419 1216 4477 De
1237 4413 1437 4494 geminatione

302 4522 412 4583 uocalis
433 4521 492 4581 uid.
515 4523 643 4580 Mouus.
665 4522 801 4580 Manain.
813 4539 841 4595 p.
858 4537 914 4592 471
932 4535 962 4578 et
981 4519 1012 4578 C.
1029 4518 1055 4576 J.
1070 4519 1117 4591 L,
1134 4519 1157 4604 It
1173 4537 1202 4593 p.
1221 4535 1292 4592 194,
1304 4515 1349 4573 n⁰.
1367 4516 1435 4588 706.
