3286 5272
895 499 937 555 40

346 687 483 740 coarcta
506 669 650 764 (Σύλλας
688 671 723 740 δὲ
750 673 794 748 εἰς
814 673 874 767 τὴν
904 673 1003 742 οἰκίαν
1029 679 1086 741 τοῦ
1115 668 1243 770 λίλαρίου
1270 675 1488 772 συνδιωχθεὶς

347 787 547 886 ἠναγκάσθη
575 789 634 868 τὰς
662 790 821 886 ἀπραξίας
848 792 978 885 λύσαι),
1003 799 1208 862 conueniunt
1225 821 1301 862 cum
1318 802 1488 884 eis,quae

345 912 380 980 ἐν
414 917 480 989 τοῖς
506 911 725 1008 ὑπομνήμασι
749 914 846 980 Sulla
869 937 890 978 a
912 916 1100 979 Plutarcho
1123 916 1251 980 dixisse
1277 920 1487 1000 perhibetur.

388 1035 470 1099 Anu.
494 1037 538 1099 l.l.
563 1037 645 1100 dicit
668 1027 835 1126 ὑπεχώρει
860 1045 895 1099 et
915 1045 988 1098 tum
1011 1027 1174 1109 ἐπελθών,
1185 1057 1253 1099 non
1269 1045 1385 1101 tamen
1401 1038 1487 1100 indi·

344 1169 440 1223 canS,
463 1149 521 1212 ubi
544 1149 678 1212 interim
702 1148 801 1214 Sulla
822 1147 932 1211 fuerit.
979 1148 1160 1212 Caeterum
1183 1169 1251 1212 non
1274 1151 1487 1231 praetermit-

343 1265 482 1327 tendum
499 1274 568 1339 est,
582 1264 734 1346 Appiani
753 1285 865 1348 genus
881 1264 1016 1327 dicendi
1032 1266 1284 1346 quodammodo
1301 1267 1487 1329 conuenire

343 1400 420 1442 cum
444 1380 558 1443 uerbis
581 1380 778 1455 Plutarchi,
802 1380 861 1443 ubi
885 1377 1018 1445 Sullam
1040 1381 1151 1463 ipsum
1174 1382 1274 1444 citat:

351 1573 434 1637 Anu.
451 1575 472 1637 l.
488 1575 510 1637 l.
780 1575 879 1637 PLur.
896 1573 990 1639 Mor.
1009 1595 1059 1653 35.
1252 1576 1350 1639 PLuT.
1369 1574 1453 1641 Sull.
1471 1583 1506 1639 8.

294 1713 657 1816 ,,Σύλλαςδὲὼςβυυ-
755 1713 884 1810 »Αὐτὸς
924 1717 961 1787 δὲ
997 1715 1125 1796 Σύλλας
1231 1717 1384 1812 ,,Σύλλας
1419 1718 1455 1789 δὲ
1493 1722 1594 1815 ἠναγ-

241 1835 499 1928 λευσόμενος
527 1835 658 1933 ὑπεχιύ-
711 1839 744 1907 ἐν
759 1844 825 1914 τοῖς
840 1836 1128 1935 ὑπομνήμασινού
1178 1837 1290 1935 κάσθη
1305 1837 1509 1936 προελθὼν
1530 1837 1592 1914 τὰς

243 1981 367 2053 ρει-
404 1956 456 2025 κοιλ
484 1958 501 2024 ὁ
529 1954 657 2034 Σύλλας
710 1982 795 2053 φησι
827 1965 1027 2054 καταφυγεῖν
1054 1958 1125 2028 ἀλλ’
1180 1959 1367 2055 ἀπραξίας
1393 1957 1550 2028 λῦσαι.”

243 2073 657 2174 ἐπελθὼνέβάςασε
710 2075 973 2174 ἇπαλλαχθῆναι
1038 2078 1124 2177 βου-

242 2197 319 2292 τὴν
348 2193 528 2293 ἀργίαν.”
708 2197 1124 2295 λευσύμενος-’ἄχρι

711 2317 1124 2414 ούπροελθύιν-τὰς

710 2438 930 2534 ἀπραξίας
963 2437 1122 2509 ἔλυσε.”

392 2627 549 2692 Occurrit
577 2628 669 2710 apud
692 2627 790 2690 PLuT.
816 2624 947 2692 Sulla
982 2628 1070 2691 inter
1103 2628 1189 2690 alias
1221 2625 1366 2709 Sulpicii
1388 2648 1490 2710 roga-

346 2744 456 2806 tiones
478 2743 514 2806 in
536 2743 652 2825 primis
682 2743 819 2825 rogatio
842 2743 886 2805 de
910 2742 1145 2806 transferendo
1176 2743 1320 2824 imperio
1344 2764 1365 2805 a
1392 2741 1491 2807 Sulla

347 2861 392 2921 ad
414 2859 571 2921 Marium.

391 2974 498 3056 Apud
520 2973 603 3036 Anu.
626 2975 668 3037 B.
695 2974 730 3037 C.
754 2974 779 3036 I.
808 2995 864 3052 55;
897 2979 953 3052 563
979 2993 1018 3054 57
1044 2995 1127 3037 uero
1149 2974 1285 3056 rogatio
1315 2973 1384 3036 alia
1413 2972 1490 3038 Sul-

347 3090 443 3172 picii,
477 3100 533 3165 ,ut
555 3090 636 3152 noui
659 3090 753 3152 ciues
776 3090 849 3153 iure
880 3087 1122 3172 suffragiorum
1146 3099 1374 3171 aequarentur
1395 3100 1489 3153 uete-

351 3183 479 3282 ,rihus'
499 3215 534 3270 et
567 3226 630 3288 per
664 3206 772 3268 trihus
807 3206 1105 3269 distribuerentur’'
1141 3227 1246 3269 causa
1281 3215 1332 3268 est
1363 3206 1489 3269 iustitii.

348 3321 438 3405 Quin
473 3323 577 3385 etiam
611 3322 790 3403 Appianus
825 3323 929 3397 dicit,
954 3320 1102 3395 Sullam,
1127 3343 1206 3385 cum
1228 3323 1394 3385 iustitium
1420 3323 1490 3385 iam

347 3439 554 3512 sustulisset,
585 3438 752 3501 nihildum
780 3458 950 3521 cognosse
982 3439 1025 3500 de
1049 3439 1191 3501 consilio
1215 3439 1316 3500 Marii
1347 3449 1382 3501 et
1412 3436 1489 3502 Sul·

347 3553 442 3636 picii,
465 3554 557 3635 quod
580 3555 625 3616 ad
647 3553 826 3635 imperium
850 3554 884 3616 in
907 3552 1000 3616 bello
1028 3553 1271 3617 Mithradatico
1294 3555 1490 3636 pertineret.

348 3670 388 3731 In
407 3670 560 3732 exercitu
576 3671 713 3732 demum
729 3671 774 3731 ad
790 3669 957 3751 Capuam,
973 3670 1175 3733 traiecturus
1190 3671 1225 3732 in
1240 3670 1374 3744 Asiam,
1391 3668 1491 3734 Sulla

349 3785 635 3867 conspirationem
660 3785 756 3848 illam
780 3785 952 3868 cognouit.

514 3979 611 4042 Pcur.
628 3981 649 4042 l.
666 4001 693 4044 c.
1053 4019 1058 4025 -
1108 3978 1191 4040 App,
1208 3979 1250 4040 B.
1270 3978 1304 4042 C.
1321 3979 1346 4040 I.
1365 3998 1415 4056 55.

326 4119 454 4212 „otiu
503 4120 721 4209 (Σουλπίκιος)
774 4122 895 4214 νόμους
1001 4116 1092 4212 „Kal
1131 4118 1228 4197 ’τοὺς
1267 4120 1303 4188 ἐκ
1337 4125 1398 4214 τῆς
1433 4115 1571 4196 Ἰταλίας

273 4241 417 4337 ἔγραφεν
458 4237 577 4318 ἄλλους
617 4265 653 4310 τε
698 4238 895 4337 μοχθηρούς
948 4238 1509 4336 νεοπολίταςῃέπήλπιζεν
1537 4242 1570 4318 ἐς

273 4359 337 4429 καλ
363 4359 623 4430 τύνδιδύντα
652 4356 798 4457 Μαρίῳ
824 4366 895 4430 τοῦ
948 4359 1007 4438 τὰς
1048 4359 1184 4455 φυλὰς
1229 4358 1362 4436 ἁπάσας
1406 4359 1569 4456 διαιρή-

274 4473 895 4576 Μιθραδατικοῦπυλέμουτὴν
952 4506 1041 4550 σειν
1089 4524 1138 4530 -
1194 4480 1246 4549 καὶ
1286 4480 1415 4571 νόμον
1456 4479 1567 4548 αὐτίκα
