3284 5272
909 525 949 596 od

361 713 544 776 amicitiam
567 714 709 794 iungere
731 712 888 773 maluerit
906 707 934 790 ¹).
959 709 1199 774 Conuenerunt
1214 721 1330 773 autern
1345 711 1492 772 Dardani

361 830 395 890 in
418 829 554 891 Troade
570 827 600 907 ²).

405 942 519 1005 Aliter
552 941 739 1004 Armanas:
769 943 849 1004 dum
887 941 1078 1004 Archelaus
1109 942 1154 1004 ad
1176 961 1297 1024 regem
1319 940 1495 1022 perscribit

255 1083 259 1092 ’
361 1060 404 1120 de
439 1058 704 1131 conditionibus,
740 1054 838 1120 Sulla
874 1057 943 1119 otio
979 1057 1084 1119 utitur
1119 1067 1153 1120 et
1184 1067 1307 1139 gentes
1331 1057 1495 1119 Thraciae

361 1174 466 1236 uincit
489 1173 565 1256 (hoc
588 1174 680 1254 apud
695 1172 794 1234 Paur.
812 1170 910 1235 Sulla
924 1169 1007 1234 facit
1022 1172 1197 1235 Archelao
1209 1174 1254 1235 ad
1265 1193 1385 1256 regem
1397 1174 1496 1235 mIsso

362 1300 396 1353 et
419 1300 600 1371 postquam
624 1289 734 1372 legati
756 1290 824 1351 iam
848 1309 868 1350 a
887 1289 1097 1352 Mithradate
1120 1289 1352 1370 reuerterunt).
1377 1289 1498 1371 Legati

361 1408 505 1468 redeunt
528 1415 563 1468 et
586 1407 630 1467 de
652 1425 739 1486 pace
763 1413 879 1487 agunt.
926 1403 1167 1468 Stomachatus
1191 1403 1288 1470 Sulla
1311 1406 1498 1468 detemeri·

363 1531 434 1585 tate
468 1523 561 1604 regis
581 1520 636 1584 'ac
668 1523 711 1584 de
743 1521 935 1584 conlatione
963 1542 1040 1583 cum
1063 1521 1214 1584 Fimbria
1236 1541 1299 1602 per
1321 1521 1499 1584 Thraciam

364 1640 408 1700 ad
432 1637 594 1719 Cypsella
614 1637 719 1700 duxit.
760 1638 850 1700 Turn
873 1635 972 1701 Sulla
995 1638 1102 1700 mouit
1126 1636 1311 1720 Cypsellis,
1335 1657 1398 1700 rex
1422 1637 1500 1700 Per-

365 1772 484 1835 gam0‚
509 1762 612 1834 atque
635 1752 683 1815 ita
708 1753 743 1813 in
766 1752 983 1834 conloquium
1007 1757 1207 1816 conuenere.

409 1868 595 1930 Praeterea
617 1868 686 1929 alio
709 1869 811 1930 modo
835 1868 1085 1948 conloquuntur
1104 1867 1202 1932 Sulla
1222 1879 1258 1932 et
1276 1869 1501 1931 Mithradates

365 1984 456 2064 apud
478 1983 716 2058 Plutarchum,
741 1983 809 2046 alio
832 1985 935 2046 modo
959 1985 1050 2065 apud
1073 1983 1279 2066 Appianum.

410 2100 493 2162 App.
529 2105 570 2176 56
606 2099 849 2162 Mithradatem
884 2101 999 2163 statim
1033 2100 1147 2163 dicere
1182 2101 1371 2163 ordientem
1405 2099 1502 2174 facit,

366 2216 464 2278 Prur.
491 2236 531 2293 24
566 2216 712 2297 prImum
735 2225 907 2279 tacentem
931 2227 966 2278 et
988 2216 1125 2278 demum
1149 2214 1247 2280 Sulla
1270 2218 1429 2279 hortante
1454 2216 1503 2278 lo-

366 2341 537 2413 quentem.
571 2331 678 2395 Porro
701 2332 800 2394 Phor.
816 2332 967 2395 breuiter
982 2352 1071 2413 quae
1095 2342 1237 2413 uterque
1254 2333 1379 2394 dixerit
1394 2332 1503 2405 tradit,

366 2447 449 2512 ΑΡΡ.
471 2467 554 2510 uero
578 2448 749 2510 orationes
771 2448 864 2529 ipsas
886 2449 1013 2529 scripto
1036 2449 1176 2511 mandat
1194 2449 1225 2529 ³).

412 2565 467 2626 De
490 2564 641 2626 Fimbria
663 2565 732 2627 iam
753 2564 836 2627 satis
859 2564 1013 2630 uidimus,
1053 2564 1183 2627 Multus
1207 2572 1259 2626 est
1282 2563 1364 2626 Aer.
1390 2564 1456 2626 hac
1470 2564 1503 2624 in

367 2699 418 2753 re;
434 2679 553 2760 paucis
569 2679 683 2742 omnia
698 2679 849 2742 absoluit
862 2680 977 2742 uerbis
989 2679 1088 2742 Prur.
1112 2677 1238 2742 Differt
1253 2679 1309 2742 hic
1326 2680 1370 2741 ab
1386 2679 1447 2742 illo
1463 2680 1503 2740 de

367 2795 461 2868 loco,
484 2795 543 2857 ubi
557 2805 703 2858 mortem
726 2796 791 2858 sibi
808 2796 1012 2858 consciuerit
1028 2794 1078 2877 (cf.
1095 2815 1127 2876 p.
1152 2794 1213 2875 93).
1238 2795 1372 2858 Pariter
1388 2804 1504 2857 contra

368 2909 519 2982 tradunt,
542 2907 729 2971 Fimbriam
751 2929 772 2970 a
794 2906 893 2973 Sulla
917 2930 993 2972 esse
1019 2908 1313 2971 circumuallatum
1337 2901 1503 2998 („ru'uppou

369 3025 419 3117 rip
441 3021 635 3118 ςρατοπέδῳ
655 3021 871 3122 περιέβαλεν”
905 3029 1003 3091 Pam.
1030 3049 1080 3105 25.
1106 3065 1146 3074 —
1185 3020 1504 3120 „rrrprruppsdovrot

371 3140 398 3210 δ’
426 3132 610 3211 αὒτὺντοῦ
639 3139 769 3212 Σύλλα”
791 3132 885 3229 App.
911 3148 972 3229 59).

413 3262 570 3324 Tandem
592 3261 685 3342 App.
710 3262 882 3342 conspirat
905 3282 982 3324 cum
998 3262 1087 3324 Plut.
1104 3263 1148 3324 de
1171 3261 1352 3336 thesauris
1374 3281 1395 3324 a
1411 3260 1506 3326 Sulla

372 3398 391 3438 e
414 3377 552 3458 templis
576 3378 732 3440 abductis
751 3376 784 3458 ⁴).

415 3492 495 3556 App,
520 3497 650 3570 61—63
675 3490 750 3556 fuse
773 3493 847 3575 agit
863 3493 907 3555 de
923 3493 1100 3575 castigatis
1118 3491 1224 3556 Asiae
1240 3494 1396 3569 urbibus,
1416 3493 1505 3575 quod

373 3607 470 3670 Pnur.
504 3625 560 3685 25,
593 3613 632 3670 26
663 3610 771 3678 multo
799 3609 937 3672 breuius
960 3610 1109 3690 exponit.
1156 3608 1253 3692 Quae
1277 3610 1376 3672 Phor.
1402 3615 1443 3672 26
1467 3609 1507 3670 de
1612 3629 1613 3638 ¹

371 3723 582 3787 bibliotheca
605 3724 857 3806 Appellicontis
875 3721 903 3809 ⁵)
927 3745 968 3788 ac
992 3726 1035 3786 de
1052 3723 1170 3789 Sullae
1186 3728 1305 3788 morbo
1324 3725 1507 3788 memoriae

372 3840 501 3921 prodit,
525 3841 568 3902 de
592 3841 641 3903 eis
664 3842 757 3921 apud
780 3840 979 3922 Appianum
1002 3841 1173 3904 silentium
1197 3851 1258 3905 est.

421 4033 439 4112 ¹)
461 4032 568 4092 Metuit
588 4031 678 4110 igitur
691 4031 887 4092 Mithradates
908 4031 1087 4108 Fimbriam3
1109 4033 1191 4110 apud
1207 4037 1282 4091 Apa
1304 4051 1377 4092 uero
1391 4031 1507 4109 aequio-

374 4151 420 4190 res
440 4130 626 4191 conditiones
647 4133 685 4191 ab
709 4150 745 4190 eo
760 4129 968 4212 'inpetraturus
990 4140 1044 4190 est.

414 4229 441 4311 ²)
462 4230 507 4290 CI.
530 4230 640 4288 STRAB.
664 4230 746 4287 XIII.
772 4249 797 4287 1.
822 4231 876 4302 28,
898 4229 945 4288 ed.
968 4232 1093 4302 Kram,
1115 4231 1174 4289 uol.
1196 4232 1250 4289 ΙΙΙ.
1275 4251 1304 4306 p.
1329 4233 1376 4289 26.

418 4328 441 4404 3)
460 4327 663 4386 Verisimiliter
685 4345 735 4386 eas
756 4329 836 4404 App.
857 4327 921 4404 ipse
942 4327 1079 4387 confecit.

419 4427 634 4506 Mfflpst

419 4523 444 4605 ⁵)
465 4523 576 4582 STRAB.
597 4525 680 4581 XIII.
706 4542 731 4580 1.
755 4527 809 4599 54],
831 4523 879 4581 ed.
901 4525 1025 4595 Kram,
1049 4525 1107 4582 uol.
1129 4525 1182 4582 Ill.
1205 4544 1235 4599 p.
1259 4541 1306 4600 51.
