<?xml version="1.0" encoding="UTF-8"?>
<!DOCTYPE html PUBLIC "-//W3C//DTD XHTML 1.0 Transitional//EN"
    "http://www.w3.org/TR/xhtml1/DTD/xhtml1-transitional.dtd">
<html xmlns="http://www.w3.org/1999/xhtml" xml:lang="en" lang="en">
 <head>
  <title>
</title>
<meta http-equiv="Content-Type" content="text/html;charset=utf-8" />
  <meta name='ocr-system' content='tesseract 3.04.00' />
  <meta name='ocr-capabilities' content='ocr_page ocr_carea ocr_par ocr_line ocrx_word'/>
</head>
<body>
  <div class='ocr_page' id='page_1' title='image "./defontibuspluta00kuypgoog_0143.png"; bbox 0 0 3284 5272; ppageno 0'>
   <div class='ocr_carea' id='block_1_1' title="bbox 841 497 900 557">
    <p class='ocr_par' dir='ltr' id='par_1_1' title="bbox 841 497 900 557">
     <span class='ocr_line' id='line_1_1' title="bbox 841 497 900 557; baseline 0.017 -1"><span class='ocrx_word' id='word_1_1' title='bbox 841 497 900 557; x_wconf 86' lang='lat'>128</span> 
     </span>
    </p>
   </div>
   <div class='ocr_carea' id='block_1_2' title="bbox 301 685 1442 1714">
    <p class='ocr_par' dir='ltr' id='par_1_2' title="bbox 301 685 1440 884">
     <span class='ocr_line' id='line_1_2' title="bbox 345 685 1440 768; baseline -0.001 -17"><span class='ocrx_word' id='word_1_2' title='bbox 345 686 522 751; x_wconf 85' lang='lat' dir='ltr'>Consentit</span> <span class='ocrx_word' id='word_1_3' title='bbox 555 706 633 749; x_wconf 90' lang='lat' dir='ltr'>cum</span> <span class='ocrx_word' id='word_1_4' title='bbox 666 685 828 768; x_wconf 86' lang='lat' dir='ltr'>Appiano</span> <span class='ocrx_word' id='word_1_5' title='bbox 863 685 961 749; x_wconf 78' lang='lat' dir='ltr'>Van..</span> <span class='ocrx_word' id='word_1_6' title='bbox 998 687 1041 748; x_wconf 92' lang='lat' dir='ltr'>de</span> <span class='ocrx_word' id='word_1_7' title='bbox 1078 687 1226 768; x_wconf 86' lang='lat' dir='ltr'>equestri</span> <span class='ocrx_word' id='word_1_8' title='bbox 1261 697 1373 751; x_wconf 85' lang='lat' dir='ltr'>statua</span> <span class='ocrx_word' id='word_1_9' title='bbox 1401 689 1440 750; x_wconf 90' lang='lat' dir='ltr'>in</span> 
     </span>
     <span class='ocr_line' id='line_1_3' title="bbox 301 802 560 884; baseline 0 -20"><span class='ocrx_word' id='word_1_10' title='bbox 301 802 417 866; x_wconf 88' lang='lat' dir='ltr'>rostris</span> <span class='ocrx_word' id='word_1_11' title='bbox 439 803 560 884; x_wconf 90' lang='lat' dir='ltr'>posita.</span> 
     </span>
    </p>

    <p class='ocr_par' dir='ltr' id='par_1_3' title="bbox 301 917 1442 1234">
     <span class='ocr_line' id='line_1_4' title="bbox 349 917 1442 1002; baseline 0.002 -21"><span class='ocrx_word' id='word_1_12' title='bbox 349 939 376 983; x_wconf 89' lang='lat'>2.</span> <span class='ocrx_word' id='word_1_13' title='bbox 410 919 579 982; x_wconf 89' lang='lat' dir='ltr'>Dissentit</span> <span class='ocrx_word' id='word_1_14' title='bbox 600 917 683 981; x_wconf 68' lang='lat' dir='ltr'><strong>App.</strong></span> <span class='ocrx_word' id='word_1_15' title='bbox 707 938 728 981; x_wconf 88' lang='lat' dir='ltr'>a</span> <span class='ocrx_word' id='word_1_16' title='bbox 751 919 895 982; x_wconf 89' lang='lat' dir='ltr'>caeteris</span> <span class='ocrx_word' id='word_1_17' title='bbox 917 919 1074 982; x_wconf 88' lang='lat' dir='ltr'>uocando</span> <span class='ocrx_word' id='word_1_18' title='bbox 1098 919 1244 982; x_wconf 89' lang='lat' dir='ltr'>Marium</span> <span class='ocrx_word' id='word_1_19' title='bbox 1267 919 1442 1002; x_wconf 73' lang='lat' dir='ltr'><strong>Iuniorem</strong></span> 
     </span>
     <span class='ocr_line' id='line_1_5' title="bbox 301 1033 1441 1123; baseline 0.001 -23"><span class='ocrx_word' id='word_1_20' title='bbox 301 1034 496 1123; x_wconf 80' lang='lat' dir='ltr'>nonfilz&#39;um</span> <span class='ocrx_word' id='word_1_21' title='bbox 519 1033 719 1099; x_wconf 61' lang='lat' dir='ltr'>aduersarii</span> <span class='ocrx_word' id='word_1_22' title='bbox 739 1033 872 1110; x_wconf 82' lang='lat' dir='ltr'><em>Sullae,</em></span> <span class='ocrx_word' id='word_1_23' title='bbox 897 1037 959 1099; x_wconf 92' lang='lat' dir='ltr'>sed</span> <span class='ocrx_word' id='word_1_24' title='bbox 971 1033 1093 1122; x_wconf 75' lang='lat' dir='ltr'>filium</span> <span class='ocrx_word' id='word_1_25' title='bbox 1108 1034 1244 1120; x_wconf 75' lang='lat' dir='ltr'>fratris</span> <span class='ocrx_word' id='word_1_26' title='bbox 1273 1036 1363 1100; x_wconf 85' lang='lat' dir='ltr'>illius</span> <span class='ocrx_word' id='word_1_27' title='bbox 1385 1037 1441 1120; x_wconf 89' lang='lat' dir='ltr'><strong>(cf.</strong></span> 
     </span>
     <span class='ocr_line' id='line_1_6' title="bbox 301 1152 536 1234; baseline 0 -20"><span class='ocrx_word' id='word_1_28' title='bbox 301 1173 334 1234; x_wconf 89' lang='lat' dir='ltr'>p.</span> <span class='ocrx_word' id='word_1_29' title='bbox 364 1159 423 1216; x_wconf 89' lang='lat'>108</span> <span class='ocrx_word' id='word_1_30' title='bbox 447 1152 536 1234; x_wconf 84' lang='lat' dir='ltr'>not).</span> 
     </span>
    </p>

    <p class='ocr_par' dir='ltr' id='par_1_4' title="bbox 301 1267 1441 1460">
     <span class='ocr_line' id='line_1_7' title="bbox 345 1267 1441 1336; baseline 0.003 -5"><span class='ocrx_word' id='word_1_31' title='bbox 345 1269 432 1333; x_wconf 74' lang='lat' dir='ltr'>Lm:</span> <span class='ocrx_word' id='word_1_32' title='bbox 457 1269 492 1334; x_wconf 89' lang='lat' dir='ltr'>C.</span> <span class='ocrx_word' id='word_1_33' title='bbox 516 1269 645 1332; x_wconf 85' lang='lat' dir='ltr'>Marius</span> <span class='ocrx_word' id='word_1_34' title='bbox 668 1268 705 1333; x_wconf 90' lang='lat' dir='ltr'>C.</span> <span class='ocrx_word' id='word_1_35' title='bbox 729 1267 829 1332; x_wconf 86' lang='lat' dir='ltr'>Marii</span> <span class='ocrx_word' id='word_1_36' title='bbox 851 1267 948 1333; x_wconf 88' lang='lat' dir='ltr'>filius.</span> <span class='ocrx_word' id='word_1_37' title='bbox 993 1269 1093 1333; x_wconf 72' lang='lat' dir='ltr'>Vari..</span> <span class='ocrx_word' id='word_1_38' title='bbox 1117 1270 1289 1334; x_wconf 87' lang='lat' dir='ltr'>distincte:</span> <span class='ocrx_word' id='word_1_39' title='bbox 1314 1271 1349 1336; x_wconf 88' lang='lat' dir='ltr'>C.</span> <span class='ocrx_word' id='word_1_40' title='bbox 1366 1271 1441 1334; x_wconf 88' lang='lat' dir='ltr'>Ma-</span> 
     </span>
     <span class='ocr_line' id='line_1_8' title="bbox 301 1384 1350 1460; baseline 0.002 -12"><span class='ocrx_word' id='word_1_41' title='bbox 301 1385 385 1460; x_wconf 84' lang='lat' dir='ltr'>rius,</span> <span class='ocrx_word' id='word_1_42' title='bbox 407 1386 477 1448; x_wconf 91' lang='lat' dir='ltr'>VH</span> <span class='ocrx_word' id='word_1_43' title='bbox 500 1386 648 1449; x_wconf 88' lang='lat' dir='ltr'>consulis</span> <span class='ocrx_word' id='word_1_44' title='bbox 671 1385 768 1449; x_wconf 89' lang='lat' dir='ltr'>filius.</span> <span class='ocrx_word' id='word_1_45' title='bbox 791 1386 953 1449; x_wconf 69' lang='lat' dir='ltr'>Eirinon:</span> <span class='ocrx_word' id='word_1_46' title='bbox 977 1384 1107 1448; x_wconf 88' lang='lat' dir='ltr'>Marius</span> <span class='ocrx_word' id='word_1_47' title='bbox 1130 1386 1230 1449; x_wconf 90' lang='lat' dir='ltr'>Marii</span> <span class='ocrx_word' id='word_1_48' title='bbox 1252 1385 1350 1450; x_wconf 79' lang='lat' dir='ltr'>filius</span> 
     </span>
    </p>

    <p class='ocr_par' dir='ltr' id='par_1_5' title="bbox 301 1490 1441 1714">
     <span class='ocr_line' id='line_1_9' title="bbox 346 1490 1441 1588; baseline 0.004 -28"><span class='ocrx_word' id='word_1_49' title='bbox 346 1497 440 1573; x_wconf 70' lang='lat' dir='ltr'>Aen,</span> <span class='ocrx_word' id='word_1_50' title='bbox 463 1498 489 1561; x_wconf 93' lang='lat' dir='ltr'>I.</span> <span class='ocrx_word' id='word_1_51' title='bbox 511 1505 551 1579; x_wconf 86' lang='lat'>87</span> <span class='ocrx_word' id='word_1_52' title='bbox 569 1499 656 1562; x_wconf 86' lang='lat' dir='ltr'>init:</span> <span class='ocrx_word' id='word_1_53' title='bbox 681 1497 762 1588; x_wconf 75' lang='lat' dir='ltr'>„roi</span> <span class='ocrx_word' id='word_1_54' title='bbox 790 1493 817 1563; x_wconf 85' lang='grc' dir='ltr'>δ’</span> <span class='ocrx_word' id='word_1_55' title='bbox 838 1493 985 1572; x_wconf 81' lang='grc' dir='ltr'>ἐπιόντος</span> <span class='ocrx_word' id='word_1_56' title='bbox 1012 1494 1107 1572; x_wconf 81' lang='grc' dir='ltr'>ἔτους</span> <span class='ocrx_word' id='word_1_57' title='bbox 1133 1490 1252 1564; x_wconf 82' lang='grc' dir='ltr'>ὕπατοι</span> <span class='ocrx_word' id='word_1_58' title='bbox 1283 1494 1343 1587; x_wconf 83' lang='grc' dir='ltr'>μὲν</span> <span class='ocrx_word' id='word_1_59' title='bbox 1371 1495 1441 1588; x_wconf 84' lang='grc' dir='ltr'>ἐγε-</span> 
     </span>
     <span class='ocr_line' id='line_1_10' title="bbox 301 1608 1441 1714; baseline 0.004 -35"><span class='ocrx_word' id='word_1_60' title='bbox 301 1609 426 1708; x_wconf 80' lang='grc' dir='ltr'>νέσθην</span> <span class='ocrx_word' id='word_1_61' title='bbox 453 1608 613 1709; x_wconf 81' lang='grc' dir='ltr'>Παπίριός</span> <span class='ocrx_word' id='word_1_62' title='bbox 639 1638 675 1683; x_wconf 86' lang='grc' dir='ltr'>τε</span> <span class='ocrx_word' id='word_1_63' title='bbox 701 1608 849 1714; x_wconf 83' lang='grc' dir='ltr'>Κάρβων</span> <span class='ocrx_word' id='word_1_64' title='bbox 877 1612 999 1693; x_wconf 82' lang='grc' dir='ltr'>αὖθις</span> <span class='ocrx_word' id='word_1_65' title='bbox 1025 1614 1078 1684; x_wconf 76' lang='grc' dir='ltr'>καὶ</span> <span class='ocrx_word' id='word_1_66' title='bbox 1104 1610 1233 1712; x_wconf 80' lang='grc' dir='ltr'>Μάριος</span> <span class='ocrx_word' id='word_1_67' title='bbox 1264 1617 1281 1684; x_wconf 81' lang='grc' dir='ltr'><strong>ὁ</strong></span> <span class='ocrx_word' id='word_1_68' title='bbox 1310 1614 1441 1710; x_wconf 80' lang='grc' dir='ltr'>ἀδελφι-</span> 
     </span>
    </p>
   </div>
   <div class='ocr_carea' id='block_1_3' title="bbox 302 1727 1442 1934">
    <p class='ocr_par' dir='ltr' id='par_1_6' title="bbox 302 1727 1442 1934">
     <span class='ocr_line' id='line_1_11' title="bbox 302 1727 1439 1830; baseline 0.001 -29"><span class='ocrx_word' id='word_1_69' title='bbox 302 1731 377 1810; x_wconf 77' lang='grc' dir='ltr'>δοῦς</span> <span class='ocrx_word' id='word_1_70' title='bbox 403 1727 564 1830; x_wconf 75' lang='grc' dir='ltr'>Μαρίου.”</span> <span class='ocrx_word' id='word_1_71' title='bbox 610 1739 726 1815; x_wconf 62' lang='lat' dir='ltr'>vnn,</span> <span class='ocrx_word' id='word_1_72' title='bbox 760 1741 803 1804; x_wconf 90' lang='lat' dir='ltr'>H.</span> <span class='ocrx_word' id='word_1_73' title='bbox 842 1746 881 1805; x_wconf 90' lang='lat'>26</span> <span class='ocrx_word' id='word_1_74' title='bbox 906 1741 1012 1804; x_wconf 88' lang='lat' dir='ltr'>habet</span> <span class='ocrx_word' id='word_1_75' title='bbox 1046 1739 1178 1816; x_wconf 85' lang='lat' dir='ltr'>„Carbo</span> <span class='ocrx_word' id='word_1_76' title='bbox 1201 1740 1279 1803; x_wconf 85' lang='lat'><strong>111.”</strong></span> <span class='ocrx_word' id='word_1_77' title='bbox 1324 1741 1439 1803; x_wconf 89' lang='lat' dir='ltr'>Praue</span> 
     </span>
     <span class='ocr_line' id='line_1_12' title="bbox 302 1851 1442 1934; baseline 0.002 -20"><span class='ocrx_word' id='word_1_78' title='bbox 302 1851 482 1934; x_wconf 88' lang='lat' dir='ltr'>Appianus</span> <span class='ocrx_word' id='word_1_79' title='bbox 504 1854 536 1915; x_wconf 95' lang='lat' dir='ltr'>h.</span> <span class='ocrx_word' id='word_1_80' title='bbox 560 1853 582 1915; x_wconf 87' lang='lat'>1.</span> <span class='ocrx_word' id='word_1_81' title='bbox 605 1853 703 1928; x_wconf 88' lang='lat' dir='ltr'>dicit,</span> <span class='ocrx_word' id='word_1_82' title='bbox 741 1853 932 1918; x_wconf 83' lang='lat' dir='ltr'>Carbonem</span> <span class='ocrx_word' id='word_1_83' title='bbox 967 1854 1142 1918; x_wconf 90' lang='lat' dir='ltr'>consulem</span> <span class='ocrx_word' id='word_1_84' title='bbox 1177 1863 1328 1917; x_wconf 90' lang='lat' dir='ltr'>creatum</span> <span class='ocrx_word' id='word_1_85' title='bbox 1363 1874 1442 1916; x_wconf 88' lang='lat' dir='ltr'>esse</span> 
     </span>
    </p>
   </div>
   <div class='ocr_carea' id='block_1_4' title="bbox 210 1967 1443 2176">
    <p class='ocr_par' dir='ltr' id='par_1_7' title="bbox 210 1967 1443 2176">
     <span class='ocr_line' id='line_1_13' title="bbox 301 1967 1442 2051; baseline 0.001 -21"><span class='ocrx_word' id='word_1_86' title='bbox 301 1969 336 2030; x_wconf 92' lang='lat' dir='ltr'>in</span> <span class='ocrx_word' id='word_1_87' title='bbox 370 1989 496 2031; x_wconf 90' lang='lat' dir='ltr'>annum</span> <span class='ocrx_word' id='word_1_88' title='bbox 531 1974 571 2032; x_wconf 90' lang='lat'>82</span> <span class='ocrx_word' id='word_1_89' title='bbox 612 1967 746 2032; x_wconf 79' lang='lat' dir='ltr'>z&#39;terum.</span> <span class='ocrx_word' id='word_1_90' title='bbox 804 1970 882 2051; x_wconf 86' lang='lat' dir='ltr'>Ipse</span> <span class='ocrx_word' id='word_1_91' title='bbox 921 1970 1011 2033; x_wconf 91' lang='lat' dir='ltr'>enim</span> <span class='ocrx_word' id='word_1_92' title='bbox 1049 1970 1157 2032; x_wconf 91' lang='lat' dir='ltr'>habet</span> <span class='ocrx_word' id='word_1_93' title='bbox 1193 1970 1218 2032; x_wconf 93' lang='grc' dir='ltr'>Ι.</span> <span class='ocrx_word' id='word_1_94' title='bbox 1256 1989 1272 2050; x_wconf 89' lang='lat'><strong>7</strong></span> <span class='ocrx_word' id='word_1_95' title='bbox 1278 1991 1295 2048; x_wconf 85' lang='lat'>5</span> <span class='ocrx_word' id='word_1_96' title='bbox 1337 1979 1442 2032; x_wconf 71' lang='lat' dir='ltr'>extr:</span> 
     </span>
     <span class='ocr_line' id='line_1_14' title="bbox 210 2071 1443 2176; baseline -0.005 -27"><span class='ocrx_word' id='word_1_97' title='bbox 210 2089 212 2095; x_wconf 82' lang='grc'>’</span> <span class='ocrx_word' id='word_1_98' title='bbox 304 2071 499 2176; x_wconf 73' lang='grc' dir='ltr'>,,Κάρβωνα</span> <span class='ocrx_word' id='word_1_99' title='bbox 535 2074 640 2147; x_wconf 78' lang='grc' dir='ltr'>εἵλετο</span> <span class='ocrx_word' id='word_1_100' title='bbox 680 2072 830 2166; x_wconf 82' lang='grc' dir='ltr'>(Κίννας)</span> <span class='ocrx_word' id='word_1_101' title='bbox 868 2074 1043 2174; x_wconf 83' lang='grc' dir='ltr'>συνάρχειν</span> <span class='ocrx_word' id='word_1_102' title='bbox 1080 2074 1210 2172; x_wconf 52' lang='lat' dir='ltr'>beotii?</span> <span class='ocrx_word' id='word_1_103' title='bbox 1246 2083 1299 2164; x_wconf 76' lang='lat' dir='ltr'>(z</span> <span class='ocrx_word' id='word_1_104' title='bbox 1326 2082 1443 2145; x_wconf 82' lang='lat' dir='ltr'>Carbo</span> 
     </span>
    </p>
   </div>
   <div class='ocr_carea' id='block_1_5' title="bbox 303 2190 1444 2414">
    <p class='ocr_par' dir='ltr' id='par_1_8' title="bbox 303 2190 1444 2414">
     <span class='ocr_line' id='line_1_15' title="bbox 303 2190 1444 2292; baseline -0.002 -27"><span class='ocrx_word' id='word_1_105' title='bbox 303 2202 420 2265; x_wconf 88' lang='lat' dir='ltr'>consul</span> <span class='ocrx_word' id='word_1_106' title='bbox 449 2201 474 2264; x_wconf 95' lang='grc' dir='ltr'>Ι.</span> <span class='ocrx_word' id='word_1_107' title='bbox 506 2222 535 2264; x_wconf 83' lang='lat' dir='ltr'>a.</span> <span class='ocrx_word' id='word_1_108' title='bbox 568 2202 634 2284; x_wconf 86' lang='lat'><strong>85);</strong></span> <span class='ocrx_word' id='word_1_109' title='bbox 665 2202 691 2266; x_wconf 96' lang='grc' dir='ltr'>Ι.</span> <span class='ocrx_word' id='word_1_110' title='bbox 724 2209 763 2283; x_wconf 89' lang='lat'>78</span> <span class='ocrx_word' id='word_1_111' title='bbox 781 2205 885 2266; x_wconf 90' lang='lat' dir='ltr'>med.:</span> <span class='ocrx_word' id='word_1_112' title='bbox 923 2193 1036 2292; x_wconf 73' lang='lat' dir='ltr'>„orioro</span> <span class='ocrx_word' id='word_1_113' title='bbox 1073 2196 1132 2290; x_wconf 82' lang='grc' dir='ltr'>μὲν</span> <span class='ocrx_word' id='word_1_114' title='bbox 1169 2196 1210 2292; x_wconf 78' lang='grc' dir='ltr'>δὴ</span> <span class='ocrx_word' id='word_1_115' title='bbox 1237 2195 1290 2266; x_wconf 75' lang='grc' dir='ltr'>καὶ</span> <span class='ocrx_word' id='word_1_116' title='bbox 1316 2190 1444 2274; x_wconf 76' lang='grc' dir='ltr'>Κίννας</span> 
     </span>
     <span class='ocr_line' id='line_1_16' title="bbox 303 2313 1442 2414; baseline 0 -30"><span class='ocrx_word' id='word_1_117' title='bbox 303 2313 474 2386; x_wconf 79' lang='grc' dir='ltr'>ὑπατεύων</span> <span class='ocrx_word' id='word_1_118' title='bbox 512 2313 699 2410; x_wconf 75' lang='grc' dir='ltr'>ἀπέθανε”,</span> <span class='ocrx_word' id='word_1_119' title='bbox 735 2323 778 2384; x_wconf 92' lang='lat' dir='ltr'>id.</span> <span class='ocrx_word' id='word_1_120' title='bbox 807 2323 888 2385; x_wconf 91' lang='lat' dir='ltr'><strong>ibid.</strong></span> <span class='ocrx_word' id='word_1_121' title='bbox 919 2333 1004 2387; x_wconf 86' lang='lat' dir='ltr'>extr.</span> <span class='ocrx_word' id='word_1_122' title='bbox 1030 2317 1107 2411; x_wconf 75' lang='lat' dir='ltr'>„rai</span> <span class='ocrx_word' id='word_1_123' title='bbox 1144 2317 1244 2410; x_wconf 84' lang='grc' dir='ltr'>μόνος</span> <span class='ocrx_word' id='word_1_124' title='bbox 1278 2315 1383 2414; x_wconf 80' lang='grc' dir='ltr'>ἦρχεν</span> <span class='ocrx_word' id='word_1_125' title='bbox 1422 2318 1442 2384; x_wconf 86' lang='grc' dir='ltr'>ὁ</span> 
     </span>
    </p>
   </div>
   <div class='ocr_carea' id='block_1_6' title="bbox 301 2431 1441 2638">
    <p class='ocr_par' dir='ltr' id='par_1_9' title="bbox 301 2431 1441 2638">
     <span class='ocr_line' id='line_1_17' title="bbox 302 2431 1441 2535; baseline -0.001 -29"><span class='ocrx_word' id='word_1_126' title='bbox 302 2431 473 2535; x_wconf 82' lang='grc' dir='ltr'>Κάρβων”</span> <span class='ocrx_word' id='word_1_127' title='bbox 496 2443 548 2525; x_wconf 83' lang='lat'>(=</span> <span class='ocrx_word' id='word_1_128' title='bbox 565 2441 677 2506; x_wconf 83' lang='lat' dir='ltr'>Carbo</span> <span class='ocrx_word' id='word_1_129' title='bbox 708 2441 826 2505; x_wconf 90' lang='lat' dir='ltr'>consul</span> <span class='ocrx_word' id='word_1_130' title='bbox 857 2441 900 2504; x_wconf 93' lang='grc' dir='ltr'>ΙΙ.</span> <span class='ocrx_word' id='word_1_131' title='bbox 924 2463 953 2505; x_wconf 84' lang='lat' dir='ltr'>a.</span> <span class='ocrx_word' id='word_1_132' title='bbox 982 2442 1043 2524; x_wconf 83' lang='lat'><strong>84).</strong></span> <span class='ocrx_word' id='word_1_133' title='bbox 1089 2443 1183 2526; x_wconf 86' lang='lat' dir='ltr'>Ergo</span> <span class='ocrx_word' id='word_1_134' title='bbox 1214 2451 1308 2506; x_wconf 87' lang='lat' dir='ltr'>recte</span> <span class='ocrx_word' id='word_1_135' title='bbox 1338 2441 1441 2505; x_wconf 77' lang='lat' dir='ltr'>Vrn..</span> 
     </span>
     <span class='ocr_line' id='line_1_18' title="bbox 301 2551 1259 2638; baseline 0.002 -21"><span class='ocrx_word' id='word_1_136' title='bbox 301 2556 346 2618; x_wconf 82' lang='lat' dir='ltr'>tl.</span> <span class='ocrx_word' id='word_1_137' title='bbox 369 2555 473 2619; x_wconf 84' lang='lat' dir='ltr'>tradit</span> <span class='ocrx_word' id='word_1_138' title='bbox 497 2554 688 2619; x_wconf 82' lang='lat' dir='ltr'>Carbonem</span> <span class='ocrx_word' id='word_1_139' title='bbox 712 2575 741 2617; x_wconf 83' lang='lat' dir='ltr'>a.</span> <span class='ocrx_word' id='word_1_140' title='bbox 767 2559 806 2617; x_wconf 90' lang='lat'>82</span> <span class='ocrx_word' id='word_1_141' title='bbox 833 2556 1008 2618; x_wconf 89' lang='lat' dir='ltr'>consulem</span> <span class='ocrx_word' id='word_1_142' title='bbox 1031 2554 1135 2619; x_wconf 86' lang='lat' dir='ltr'>fuisse</span> <span class='ocrx_word' id='word_1_143' title='bbox 1158 2551 1259 2638; x_wconf 81' lang='lat'><strong>111¹).</strong></span> 
     </span>
    </p>
   </div>
   <div class='ocr_carea' id='block_1_7' title="bbox 194 2670 1440 3796">
    <p class='ocr_par' dir='ltr' id='par_1_10' title="bbox 194 2670 1440 3217">
     <span class='ocr_line' id='line_1_19' title="bbox 346 2670 1439 2751; baseline -0.001 -17"><span class='ocrx_word' id='word_1_144' title='bbox 346 2672 459 2734; x_wconf 86' lang='lat' dir='ltr'>Parua</span> <span class='ocrx_word' id='word_1_145' title='bbox 493 2672 695 2734; x_wconf 89' lang='lat' dir='ltr'>obseruatur</span> <span class='ocrx_word' id='word_1_146' title='bbox 729 2670 955 2751; x_wconf 82' lang='lat' dir='ltr'>discrepantia</span> <span class='ocrx_word' id='word_1_147' title='bbox 988 2672 1076 2734; x_wconf 90' lang='lat' dir='ltr'>inter</span> <span class='ocrx_word' id='word_1_148' title='bbox 1107 2671 1191 2734; x_wconf 70' lang='lat' dir='ltr'>App.</span> <span class='ocrx_word' id='word_1_149' title='bbox 1222 2671 1248 2734; x_wconf 94' lang='lat' dir='ltr'>I.</span> <span class='ocrx_word' id='word_1_150' title='bbox 1281 2676 1321 2750; x_wconf 89' lang='lat'>87</span> <span class='ocrx_word' id='word_1_151' title='bbox 1349 2670 1439 2745; x_wconf 85' lang='lat' dir='ltr'>init,</span> 
     </span>
     <span class='ocr_line' id='line_1_20' title="bbox 194 2761 1440 2869; baseline 0.001 -20"><span class='ocrx_word' id='word_1_152' title='bbox 194 2761 198 2777; x_wconf 84' lang='lat'>.</span> <span class='ocrx_word' id='word_1_153' title='bbox 303 2788 388 2861; x_wconf 72' lang='lat' dir='ltr'>Lm,</span> <span class='ocrx_word' id='word_1_154' title='bbox 412 2807 482 2869; x_wconf 89' lang='lat' dir='ltr'>per.</span> <span class='ocrx_word' id='word_1_155' title='bbox 497 2786 711 2861; x_wconf 88' lang='lat' dir='ltr'>LXXXVI,</span> <span class='ocrx_word' id='word_1_156' title='bbox 736 2795 772 2849; x_wconf 92' lang='lat' dir='ltr'>et</span> <span class='ocrx_word' id='word_1_157' title='bbox 782 2785 891 2862; x_wconf 72' lang='lat' dir='ltr'>er„</span> <span class='ocrx_word' id='word_1_158' title='bbox 907 2786 955 2862; x_wconf 91' lang='lat' dir='ltr'>II,</span> <span class='ocrx_word' id='word_1_159' title='bbox 974 2791 1014 2849; x_wconf 87' lang='lat'>26</span> <span class='ocrx_word' id='word_1_160' title='bbox 1032 2789 1124 2868; x_wconf 90' lang='lat' dir='ltr'>quod</span> <span class='ocrx_word' id='word_1_161' title='bbox 1140 2787 1271 2850; x_wconf 89' lang='lat' dir='ltr'>adtinet</span> <span class='ocrx_word' id='word_1_162' title='bbox 1287 2790 1331 2851; x_wconf 87' lang='lat' dir='ltr'>ad</span> <span class='ocrx_word' id='word_1_163' title='bbox 1346 2797 1440 2850; x_wconf 83' lang='lat' dir='ltr'>aeta-</span> 
     </span>
     <span class='ocr_line' id='line_1_21' title="bbox 302 2894 1438 2992; baseline 0.001 -27"><span class='ocrx_word' id='word_1_164' title='bbox 302 2912 372 2965; x_wconf 89' lang='lat' dir='ltr'>tem</span> <span class='ocrx_word' id='word_1_165' title='bbox 406 2901 522 2977; x_wconf 80' lang='lat' dir='ltr'>Marii3</span> <span class='ocrx_word' id='word_1_166' title='bbox 558 2901 641 2963; x_wconf 90' lang='lat' dir='ltr'>dicit</span> <span class='ocrx_word' id='word_1_167' title='bbox 663 2900 754 2962; x_wconf 90' lang='lat' dir='ltr'>enim</span> <span class='ocrx_word' id='word_1_168' title='bbox 783 2899 980 2982; x_wconf 89' lang='lat' dir='ltr'>Appianus:</span> <span class='ocrx_word' id='word_1_169' title='bbox 1017 2894 1126 2990; x_wconf 67' lang='lat' dir='ltr'>„tara</span> <span class='ocrx_word' id='word_1_170' title='bbox 1153 2895 1206 2965; x_wconf 77' lang='lat' dir='ltr'>rai</span> <span class='ocrx_word' id='word_1_171' title='bbox 1232 2897 1348 2966; x_wconf 78' lang='grc' dir='ltr'>εἴκοσιν</span> <span class='ocrx_word' id='word_1_172' title='bbox 1376 2895 1438 2992; x_wconf 83' lang='grc' dir='ltr'>ἔτη</span> 
     </span>
     <span class='ocr_line' id='line_1_22' title="bbox 302 3011 1440 3110; baseline 0 -25"><span class='ocrx_word' id='word_1_173' title='bbox 302 3011 484 3110; x_wconf 60' lang='grc' dir='ltr'>γεγονὼς”,</span> <span class='ocrx_word' id='word_1_174' title='bbox 507 3017 639 3082; x_wconf 90' lang='lat' dir='ltr'>Liuius:</span> <span class='ocrx_word' id='word_1_175' title='bbox 674 3027 772 3094; x_wconf 89' lang='lat' dir='ltr'>„ante</span> <span class='ocrx_word' id='word_1_176' title='bbox 795 3039 901 3082; x_wconf 90' lang='lat' dir='ltr'>annos</span> <span class='ocrx_word' id='word_1_177' title='bbox 931 3020 1086 3103; x_wconf 87' lang='lat' dir='ltr'>uiginti”,</span> <span class='ocrx_word' id='word_1_178' title='bbox 1110 3021 1281 3085; x_wconf 88' lang='lat' dir='ltr'>Velleius:</span> <span class='ocrx_word' id='word_1_179' title='bbox 1313 3043 1440 3098; x_wconf 84' lang='lat' dir='ltr'>„annos</span> 
     </span>
     <span class='ocr_line' id='line_1_23' title="bbox 301 3131 660 3217; baseline -0.011 -19"><span class='ocrx_word' id='word_1_180' title='bbox 301 3144 402 3198; x_wconf 86' lang='lat' dir='ltr'>natus</span> <span class='ocrx_word' id='word_1_181' title='bbox 425 3134 549 3217; x_wconf 85' lang='lat' dir='ltr'>uiginti</span> <span class='ocrx_word' id='word_1_182' title='bbox 573 3131 660 3195; x_wconf 88' lang='lat' dir='ltr'>sex’&#39;.</span> 
     </span>
    </p>

    <p class='ocr_par' dir='ltr' id='par_1_11' title="bbox 294 3234 1439 3796">
     <span class='ocr_line' id='line_1_24' title="bbox 294 3234 1439 3340; baseline 0.005 -34"><span class='ocrx_word' id='word_1_183' title='bbox 294 3293 299 3306; x_wconf 91' lang='lat'><strong>.</strong></span> <span class='ocrx_word' id='word_1_184' title='bbox 347 3248 429 3312; x_wconf 71' lang='lat' dir='ltr'>Aer.</span> <span class='ocrx_word' id='word_1_185' title='bbox 453 3248 478 3311; x_wconf 93' lang='grc' dir='ltr'>Ι.</span> <span class='ocrx_word' id='word_1_186' title='bbox 504 3253 562 3310; x_wconf 90' lang='lat'>88:</span> <span class='ocrx_word' id='word_1_187' title='bbox 588 3234 741 3337; x_wconf 65' lang='grc' dir='ltr'>,Μάριος</span> <span class='ocrx_word' id='word_1_188' title='bbox 768 3234 948 3338; x_wconf 78' lang='grc' dir='ltr'>Βρούτῳ</span> <span class='ocrx_word' id='word_1_189' title='bbox 975 3247 1194 3339; x_wconf 76' lang='grc' dir='ltr'>ςρατηγοῦντι</span> <span class='ocrx_word' id='word_1_190' title='bbox 1220 3245 1282 3340; x_wconf 77' lang='grc' dir='ltr'>τῆς</span> <span class='ocrx_word' id='word_1_191' title='bbox 1307 3241 1439 3322; x_wconf 83' lang='grc' dir='ltr'>πόλεως</span> 
     </span>
     <span class='ocr_line' id='line_1_25' title="bbox 302 3355 1437 3450; baseline -0.002 -18"><span class='ocrx_word' id='word_1_192' title='bbox 302 3360 460 3442; x_wconf 78' lang='grc' dir='ltr'>ἐπέςελλε</span> <span class='ocrx_word' id='word_1_193' title='bbox 473 3368 592 3431; x_wconf 82' lang='grc' dir='ltr'>κτεῖναι</span> <span class='ocrx_word' id='word_1_194' title='bbox 606 3357 751 3430; x_wconf 84' lang='grc' dir='ltr'>Πόπλιον</span> <span class='ocrx_word' id='word_1_195' title='bbox 765 3355 913 3441; x_wconf 76' lang='grc' dir='ltr'>Ἀντίςιον</span> <span class='ocrx_word' id='word_1_196' title='bbox 928 3359 1017 3431; x_wconf 84' lang='grc' dir='ltr'>κτλ.”</span> <span class='ocrx_word' id='word_1_197' title='bbox 1040 3368 1120 3443; x_wconf 73' lang='lat' dir='ltr'>Lrv„</span> <span class='ocrx_word' id='word_1_198' title='bbox 1137 3389 1207 3450; x_wconf 92' lang='lat' dir='ltr'>per.</span> <span class='ocrx_word' id='word_1_199' title='bbox 1223 3367 1437 3444; x_wconf 88' lang='lat' dir='ltr'>LXXXVI,</span> 
     </span>
     <span class='ocr_line' id='line_1_26' title="bbox 302 3480 1439 3564; baseline 0 -20"><span class='ocrx_word' id='word_1_200' title='bbox 302 3480 410 3559; x_wconf 67' lang='lat' dir='ltr'>Vrion,</span> <span class='ocrx_word' id='word_1_201' title='bbox 426 3483 468 3545; x_wconf 90' lang='lat' dir='ltr'>H.</span> <span class='ocrx_word' id='word_1_202' title='bbox 488 3487 544 3557; x_wconf 89' lang='lat'>26,</span> <span class='ocrx_word' id='word_1_203' title='bbox 566 3481 678 3557; x_wconf 66' lang='lat' dir='ltr'>Oros„</span> <span class='ocrx_word' id='word_1_204' title='bbox 694 3481 736 3546; x_wconf 92' lang='lat' dir='ltr'>V.</span> <span class='ocrx_word' id='word_1_205' title='bbox 755 3503 797 3544; x_wconf 90' lang='lat'>20</span> <span class='ocrx_word' id='word_1_206' title='bbox 820 3483 864 3545; x_wconf 90' lang='lat' dir='ltr'>ab</span> <span class='ocrx_word' id='word_1_207' title='bbox 881 3480 1044 3564; x_wconf 90' lang='lat' dir='ltr'>Appiano</span> <span class='ocrx_word' id='word_1_208' title='bbox 1068 3480 1227 3546; x_wconf 89' lang='lat' dir='ltr'>differunt</span> <span class='ocrx_word' id='word_1_209' title='bbox 1243 3483 1286 3545; x_wconf 94' lang='lat' dir='ltr'>de</span> <span class='ocrx_word' id='word_1_210' title='bbox 1302 3481 1439 3545; x_wconf 90' lang='lat' dir='ltr'>nomine</span> 
     </span>
     <span class='ocr_line' id='line_1_27' title="bbox 300 3597 1439 3683; baseline -0.001 -22"><span class='ocrx_word' id='word_1_211' title='bbox 300 3599 462 3662; x_wconf 92' lang='lat' dir='ltr'>hominis:</span> <span class='ocrx_word' id='word_1_212' title='bbox 492 3599 622 3662; x_wconf 90' lang='lat' dir='ltr'>habent</span> <span class='ocrx_word' id='word_1_213' title='bbox 656 3599 748 3663; x_wconf 91' lang='lat' dir='ltr'>enim</span> <span class='ocrx_word' id='word_1_214' title='bbox 781 3597 1050 3683; x_wconf 77' lang='lat' dir='ltr'>Damasippum,</span> <span class='ocrx_word' id='word_1_215' title='bbox 1086 3600 1148 3662; x_wconf 90' lang='lat' dir='ltr'>sed</span> <span class='ocrx_word' id='word_1_216' title='bbox 1176 3619 1253 3662; x_wconf 89' lang='lat' dir='ltr'>cum</span> <span class='ocrx_word' id='word_1_217' title='bbox 1275 3598 1439 3680; x_wconf 89' lang='lat' dir='ltr'>Appiano</span> 
     </span>
     <span class='ocr_line' id='line_1_28' title="bbox 301 3711 1439 3796; baseline 0 -20"><span class='ocrx_word' id='word_1_218' title='bbox 301 3714 431 3790; x_wconf 82' lang='lat' dir='ltr'>dicunt,</span> <span class='ocrx_word' id='word_1_219' title='bbox 455 3735 533 3777; x_wconf 90' lang='lat' dir='ltr'>eum</span> <span class='ocrx_word' id='word_1_220' title='bbox 555 3713 659 3778; x_wconf 86' lang='lat' dir='ltr'>fuisse</span> <span class='ocrx_word' id='word_1_221' title='bbox 682 3724 885 3796; x_wconf 86' lang='lat' dir='ltr'>praetorem.</span> <span class='ocrx_word' id='word_1_222' title='bbox 933 3711 1080 3777; x_wconf 86' lang='lat' dir='ltr'>Videtur</span> <span class='ocrx_word' id='word_1_223' title='bbox 1095 3729 1210 3778; x_wconf 86' lang='lat' dir='ltr'>autem</span> <span class='ocrx_word' id='word_1_224' title='bbox 1229 3715 1356 3777; x_wconf 89' lang='lat' dir='ltr'>Brutus</span> <span class='ocrx_word' id='word_1_225' title='bbox 1378 3714 1439 3777; x_wconf 91' lang='lat' dir='ltr'>ille</span> 
     </span>
    </p>
   </div>
   <div class='ocr_carea' id='block_1_8' title="bbox 302 3931 508 3940">
    <p class='ocr_par' dir='ltr' id='par_1_12' title="bbox 302 3931 508 3940">
     <span class='ocr_line' id='line_1_29' title="bbox 302 3931 508 3940; baseline 0 0"><span class='ocrx_word' id='word_1_226' title='bbox 302 3931 508 3940; x_wconf 53' lang='lat' dir='ltr'><em>w</em></span> 
     </span>
    </p>
   </div>
   <div class='ocr_carea' id='block_1_9' title="bbox 301 4111 1439 4592">
    <p class='ocr_par' dir='ltr' id='par_1_13' title="bbox 301 4111 1439 4592">
     <span class='ocr_line' id='line_1_30' title="bbox 349 4111 1439 4196; baseline -0.001 -21"><span class='ocrx_word' id='word_1_227' title='bbox 349 4111 368 4194; x_wconf 89' lang='grc'>1)</span> <span class='ocrx_word' id='word_1_228' title='bbox 389 4114 434 4175; x_wconf 86' lang='lat' dir='ltr'>Cf.</span> <span class='ocrx_word' id='word_1_229' title='bbox 456 4115 635 4189; x_wconf 76' lang='lat' dir='ltr'>Momrsnn,</span> <span class='ocrx_word' id='word_1_230' title='bbox 661 4114 694 4174; x_wconf 89' lang='lat' dir='ltr'>C.</span> <span class='ocrx_word' id='word_1_231' title='bbox 717 4115 744 4172; x_wconf 92' lang='lat' dir='ltr'>I.</span> <span class='ocrx_word' id='word_1_232' title='bbox 766 4117 812 4188; x_wconf 77' lang='lat' dir='ltr'>L,</span> <span class='ocrx_word' id='word_1_233' title='bbox 837 4116 861 4174; x_wconf 94' lang='lat' dir='ltr'>I.</span> <span class='ocrx_word' id='word_1_234' title='bbox 876 4135 906 4192; x_wconf 91' lang='lat' dir='ltr'>p.</span> <span class='ocrx_word' id='word_1_235' title='bbox 922 4134 998 4192; x_wconf 88' lang='lat'>439:</span> <span class='ocrx_word' id='word_1_236' title='bbox 1013 4133 1039 4176; x_wconf 84' lang='lat' dir='ltr'>a.</span> <span class='ocrx_word' id='word_1_237' title='bbox 1055 4117 1143 4174; x_wconf 85' lang='lat' dir='ltr'>Varr.</span> <span class='ocrx_word' id='word_1_238' title='bbox 1159 4117 1217 4194; x_wconf 90' lang='lat'>669</span> <span class='ocrx_word' id='word_1_239' title='bbox 1233 4113 1287 4194; x_wconf 78' lang='lat' dir='ltr'>(z</span> <span class='ocrx_word' id='word_1_240' title='bbox 1299 4132 1325 4174; x_wconf 88' lang='lat' dir='ltr'>a.</span> <span class='ocrx_word' id='word_1_241' title='bbox 1338 4116 1372 4176; x_wconf 90' lang='lat' dir='ltr'>C.</span> <span class='ocrx_word' id='word_1_242' title='bbox 1386 4113 1439 4196; x_wconf 87' lang='lat'>85)</span> 
     </span>
     <span class='ocr_line' id='line_1_31' title="bbox 301 4212 1438 4295; baseline 0.002 -23"><span class='ocrx_word' id='word_1_243' title='bbox 301 4212 397 4272; x_wconf 92' lang='lat' dir='ltr'>Cinna</span> <span class='ocrx_word' id='word_1_244' title='bbox 420 4213 474 4272; x_wconf 94' lang='lat' dir='ltr'><strong>III.</strong></span> <span class='ocrx_word' id='word_1_245' title='bbox 503 4214 613 4274; x_wconf 91' lang='lat' dir='ltr'>Carbo.</span> <span class='ocrx_word' id='word_1_246' title='bbox 631 4248 672 4257; x_wconf 94' lang='lat'><em>-</em></span> <span class='ocrx_word' id='word_1_247' title='bbox 694 4233 720 4271; x_wconf 91' lang='lat' dir='ltr'>a.</span> <span class='ocrx_word' id='word_1_248' title='bbox 742 4215 829 4272; x_wconf 88' lang='lat' dir='ltr'>Varr.</span> <span class='ocrx_word' id='word_1_249' title='bbox 854 4217 913 4290; x_wconf 86' lang='lat'>670</span> <span class='ocrx_word' id='word_1_250' title='bbox 935 4213 988 4294; x_wconf 87' lang='lat'>(=</span> <span class='ocrx_word' id='word_1_251' title='bbox 1015 4234 1042 4274; x_wconf 90' lang='lat' dir='ltr'>a.</span> <span class='ocrx_word' id='word_1_252' title='bbox 1064 4215 1098 4274; x_wconf 88' lang='lat' dir='ltr'>C.</span> <span class='ocrx_word' id='word_1_253' title='bbox 1120 4213 1171 4295; x_wconf 87' lang='lat'>84)</span> <span class='ocrx_word' id='word_1_254' title='bbox 1193 4215 1293 4275; x_wconf 86' lang='lat' dir='ltr'>Carbo</span> <span class='ocrx_word' id='word_1_255' title='bbox 1315 4216 1344 4273; x_wconf 96' lang='lat' dir='ltr'>II</span> <span class='ocrx_word' id='word_1_256' title='bbox 1358 4215 1438 4274; x_wconf 90' lang='lat' dir='ltr'>solus</span> 
     </span>
     <span class='ocr_line' id='line_1_32' title="bbox 301 4311 1435 4393; baseline 0.002 -23"><span class='ocrx_word' id='word_1_257' title='bbox 301 4313 488 4371; x_wconf 86' lang='lat' dir='ltr'>consulatum</span> <span class='ocrx_word' id='word_1_258' title='bbox 510 4311 607 4390; x_wconf 88' lang='lat' dir='ltr'>gessit.</span> <span class='ocrx_word' id='word_1_259' title='bbox 630 4311 726 4373; x_wconf 86' lang='lat' dir='ltr'>Cinna</span> <span class='ocrx_word' id='word_1_260' title='bbox 746 4314 790 4371; x_wconf 92' lang='lat' dir='ltr'>IV</span> <span class='ocrx_word' id='word_1_261' title='bbox 810 4313 840 4371; x_wconf 91' lang='lat' dir='ltr'>in</span> <span class='ocrx_word' id='word_1_262' title='bbox 863 4334 902 4372; x_wconf 90' lang='lat' dir='ltr'>m.</span> <span class='ocrx_word' id='word_1_263' title='bbox 925 4333 990 4374; x_wconf 91' lang='lat' dir='ltr'>occ.</span> <span class='ocrx_word' id='word_1_264' title='bbox 1011 4334 1037 4373; x_wconf 89' lang='lat' dir='ltr'>e.</span> <span class='ocrx_word' id='word_1_265' title='bbox 1059 4349 1099 4358; x_wconf 78' lang='grc'>-</span> <span class='ocrx_word' id='word_1_266' title='bbox 1120 4334 1147 4372; x_wconf 88' lang='lat' dir='ltr'>a.</span> <span class='ocrx_word' id='word_1_267' title='bbox 1168 4317 1256 4373; x_wconf 85' lang='lat' dir='ltr'>Varr.</span> <span class='ocrx_word' id='word_1_268' title='bbox 1269 4317 1325 4389; x_wconf 80' lang='lat'>672</span> <span class='ocrx_word' id='word_1_269' title='bbox 1338 4313 1393 4393; x_wconf 68' lang='lat' dir='ltr'>(z</span> <span class='ocrx_word' id='word_1_270' title='bbox 1408 4333 1435 4372; x_wconf 81' lang='lat' dir='ltr'>a.</span> 
     </span>
     <span class='ocr_line' id='line_1_33' title="bbox 302 4410 1437 4492; baseline 0.002 -22"><span class='ocrx_word' id='word_1_271' title='bbox 302 4411 337 4470; x_wconf 92' lang='lat' dir='ltr'>C.</span> <span class='ocrx_word' id='word_1_272' title='bbox 360 4412 411 4492; x_wconf 77' lang='lat'>82)</span> <span class='ocrx_word' id='word_1_273' title='bbox 428 4410 541 4471; x_wconf 85' lang='lat' dir='ltr'>Marius</span> <span class='ocrx_word' id='word_1_274' title='bbox 560 4411 592 4470; x_wconf 85' lang='lat' dir='ltr'>in</span> <span class='ocrx_word' id='word_1_275' title='bbox 612 4432 652 4471; x_wconf 84' lang='lat' dir='ltr'>m.</span> <span class='ocrx_word' id='word_1_276' title='bbox 674 4431 738 4472; x_wconf 91' lang='lat' dir='ltr'>occ.</span> <span class='ocrx_word' id='word_1_277' title='bbox 757 4432 782 4472; x_wconf 93' lang='lat' dir='ltr'>e.</span> <span class='ocrx_word' id='word_1_278' title='bbox 796 4412 895 4474; x_wconf 86' lang='lat' dir='ltr'>Carbo</span> <span class='ocrx_word' id='word_1_279' title='bbox 907 4415 952 4471; x_wconf 93' lang='grc' dir='ltr'>ΙΙΙ</span> <span class='ocrx_word' id='word_1_280' title='bbox 962 4412 992 4472; x_wconf 93' lang='lat' dir='ltr'>in</span> <span class='ocrx_word' id='word_1_281' title='bbox 1003 4433 1043 4472; x_wconf 91' lang='lat' dir='ltr'>m.</span> <span class='ocrx_word' id='word_1_282' title='bbox 1055 4432 1119 4473; x_wconf 86' lang='lat' dir='ltr'>occ.</span> <span class='ocrx_word' id='word_1_283' title='bbox 1131 4433 1156 4473; x_wconf 91' lang='lat' dir='ltr'>e.</span> <span class='ocrx_word' id='word_1_284' title='bbox 1173 4449 1210 4458; x_wconf 92' lang='lat'><em>-</em></span> <span class='ocrx_word' id='word_1_285' title='bbox 1228 4415 1273 4474; x_wconf 85' lang='lat' dir='ltr'>Cf.</span> <span class='ocrx_word' id='word_1_286' title='bbox 1284 4423 1437 4490; x_wconf 79' lang='lat' dir='ltr'>praeterea</span> 
     </span>
     <span class='ocr_line' id='line_1_34' title="bbox 304 4510 971 4592; baseline 0.003 -24"><span class='ocrx_word' id='word_1_287' title='bbox 304 4512 390 4583; x_wconf 71' lang='lat' dir='ltr'>APP„</span> <span class='ocrx_word' id='word_1_288' title='bbox 412 4511 433 4570; x_wconf 91' lang='lat' dir='ltr'>l.</span> <span class='ocrx_word' id='word_1_289' title='bbox 458 4514 495 4587; x_wconf 91' lang='lat'>96</span> <span class='ocrx_word' id='word_1_290' title='bbox 517 4521 591 4570; x_wconf 89' lang='lat' dir='ltr'>extr.</span> <span class='ocrx_word' id='word_1_291' title='bbox 610 4510 691 4590; x_wconf 89' lang='lat' dir='ltr'>(Vid.</span> <span class='ocrx_word' id='word_1_292' title='bbox 713 4532 743 4588; x_wconf 94' lang='lat' dir='ltr'>p.</span> <span class='ocrx_word' id='word_1_293' title='bbox 768 4532 823 4588; x_wconf 84' lang='lat'>113</span> <span class='ocrx_word' id='word_1_294' title='bbox 846 4522 907 4571; x_wconf 93' lang='lat' dir='ltr'>not.</span> <span class='ocrx_word' id='word_1_295' title='bbox 933 4510 971 4592; x_wconf 87' lang='lat'>2).</span> 
     </span>
    </p>
   </div>
   <div class='ocr_carea' id='block_1_10' title="bbox 0 0 1646 5272">
    <p class='ocr_par' dir='ltr' id='par_1_14' title="bbox 0 0 1646 5272">
     <span class='ocr_line' id='line_1_35' title="bbox 0 0 1646 5272; baseline 0 0"><span class='ocrx_word' id='word_1_296' title='bbox 0 0 1646 5272; x_wconf 95' lang='lat' dir='ltr'> </span> 
     </span>
    </p>
   </div>
  </div>
 </body>
</html>
