3284 5272
738 537 777 614 87

234 727 318 790 Cum
343 730 465 808 quibus
481 728 634 809 Appiani
649 729 764 790 uerbis
780 727 994 790 conferamus
1011 727 1126 790 locum
1143 727 1327 789 Athenaei:

190 833 366 929 ,,ἑκάτερος
396 842 568 924 (Nicolaus
599 843 833 905 Damascenus
866 851 901 905 et
929 843 1132 904 Posidonius
1159 842 1329 922 Rhodius)

187 955 263 1033 τοὺς
291 953 391 1035 Χίους
418 957 520 1053 φησιν
548 953 907 1054 ἐξανδραποδισθέντας
935 958 999 1026 ὑπδ
1027 952 1243 1054 Μιδραδάτοο
1270 961 1328 1025 τοῦ

189 1071 413 1154 Καππάδοκος
452 1075 687 1173 παραδοθῆναι
725 1083 792 1154 τοῖς
825 1077 914 1154 ἰδίοις
951 1074 1078 1154 δούλοις
1117 1076 1328 1170 δεδεμένους,

189 1196 228 1266 ἵν’
255 1198 300 1274 εἰς
327 1197 388 1292 τὴν
417 1194 564 1293 Κόλχων
592 1203 654 1293 γῆν
677 1195 958 1266 κατοικισθῶσιν.”

726 1575 790 1647 ts·

211 1761 239 1813 Ε
261 1759 470 1824 quibusnam
494 1773 557 1812 sua
579 1758 815 1824 repetiuerint
833 1759 1068 1824 scriptoribus
1093 1760 1302 1814 Plutarchus

273 1856 310 1910 et
332 1854 529 1920 Appianus,
553 1855 650 1909 uites
675 1856 918 1920 factorumque
944 1855 1060 1908 Sullae
1079 1858 1116 1908 in
1135 1857 1244 1910 altera

314 1951 413 2016 parte
431 1949 516 2004 belli
534 1962 646 2015 usque
666 1951 711 2004 ad
730 1950 805 2004 eius
822 1951 860 2006 in
882 1951 1022 2004 Italiam
1040 1950 1193 2005 reditum

539 2046 755 2110 narratores,
782 2044 974 2110 quaeritur.
1105 2034 1106 2038 ’

450 2187 530 2232 PLUT.
548 2187 611 2232 Sull.
627 2188 719 2231 22—26
736 2199 759 2222 Ξ
775 2188 838 2231 ΑΡΡ.
857 2187 946 2231 Μὶίάν.
964 2188 1063 2244 51-63.

231 2339 440 2402 Plutarchus
469 2340 733 2402 commentarios
768 2337 887 2402 Sullae
922 2340 1041 2402 laudat
1073 2359 1146 2421 cap.
1173 2362 1189 2400 2
1194 2362 1212 2418 3
1234 2337 1253 2420 ¹)
1285 2341 1328 2402 ad
1371 2391 1374 2398 .

186 2455 410 2517 refellendam
434 2455 703 2518 criminationem
720 2475 855 2530 eorum,
871 2456 930 2536 qui
946 2465 1221 2530 autumauerant,
1238 2458 1329 2537 apud

187 2571 422 2634 Chaeroneam
446 2571 537 2633 mala
559 2570 627 2633 fide
644 2581 835 2653 pugnatum
846 2566 972 2646 fuisse,
991 2571 1200 2634 *hristionem
1216 2582 1328 2653 tyran-

185 2708 281 2762 num,
305 2687 450 2750 amicum
468 2686 701 2766 MithradatiS,
725 2687 898 2750 inimicum
913 2707 996 2750 uero
1013 2687 1178 2750 Archelai
1194 2709 1328 2750 ueneno

185 2803 358 2864 sublatum
381 2801 486 2864 fuisse
511 2804 555 2865 ab
580 2803 655 2884 ipso
680 2801 792 2876 Sulla,
816 2803 928 2884 ipsum
945 2803 1118 2866 Archelao
1134 2804 1169 2865 in
1185 2802 1328 2866 Euboea

186 2918 306 2980 decern
329 2919 422 2979 milia
443 2919 602 3001 iugerum
631 2919 706 3002 agri
730 2919 865 2981 dedisse
882 2940 1026 3001 eumque
1042 2919 1162 3001 populi
1178 2920 1328 2982 Romani

185 3034 314 3097 socium
338 3044 374 3096 et
396 3034 545 3098 amicum
568 3035 816 3116 pronuntiasse.
840 3036 895 3098 De
912 3038 1032 3099 morbo
1049 3034 1167 3099 Sullae
1183 3037 1327 3117 loquens

188 3149 393 3214 Strabonem
416 3151 499 3213 citat
523 3151 728 3214 Plutarchus
751 3173 824 3234 cap.
851 3158 892 3214 26
909 3152 939 3232 ²).

188 3343 392 3350 m...

187 3505 279 3562 tiones
309 3502 635 3564 Rheno-Traieclz'nae,
669 3503 703 3558 L.
733 3503 767 3558 B.
801 3503 894 3571 1882,
927 3521 957 3576 p.
983 3503 1039 3559 128
1064 3499 1193 3560 litteram
1218 3528 1234 3586 χ
1256 3501 1286 3558 in
1308 3531 1326 3582 ρ

187 3607 342 3666 mutando.

239 3707 258 3790 ¹)
283 3714 386 3786 „Heni
411 3711 470 3789 μὲν
494 3699 551 3770 οὖν
577 3713 699 3772 τούτων
725 3709 821 3775 αὐτὸν
845 3713 861 3770 o‘
887 3705 1019 3779 Σύλλας
1045 3711 1079 3769 ἐν
1097 3715 1164 3784 τοῖς
1187 3711 1329 3791 ὑπομνη-

185 3841 285 3899 μαοιν
309 3810 552 3894 anelontem?
1046 3898 1048 3906 Ι

233 3922 255 4003 ²)
292 3918 428 4000 ,βάλλοι
473 3919 507 3984 δὲ
551 3920 757 4006 διατρίβοντι
795 3925 868 4005 περὶ
908 3923 964 3995 τὰς
1001 3921 1158 4004 Ἀθήνας
1193 3919 1326 4004 ἄλγημα

188 4021 352 4111 ναρκῶδις
384 4034 464 4111 μετὰ
497 4033 616 4111 βάρους
650 4031 694 4100 εἷς
726 4029 800 4100 τούς
824 4028 926 4101 πόδας
955 4030 1122 4106 ἐνέπεσεν,
1146 4030 1163 4091 ὃ
1188 4033 1327 4110 φησινό

186 4138 347 4220 Στράβων
362 4140 530 4218 ποδάγρας
546 4133 723 4217 ψελλισμὸν
742 4128 859 4199 εἷναι.”
884 4133 952 4193 Veri
964 4132 1057 4193 simile
1075 4144 1135 4208 est,
1149 4133 1326 4194 Strabonem

186 4243 245 4301 hoc
276 4240 384 4300 dixisse
407 4239 567 4318 inopere,
599 4240 683 4318 quod
702 4239 835 4318 scripsit,
864 4249 1025 4316 antequam
1057 4241 1096 4298 ad
1122 4239 1326 4318 Geographias

188 4340 412 4417 componendas
444 4359 474 4398 se
496 4339 666 4418 accingeret
687 4339 795 4416 cuique
814 4339 931 4399 titulus:
950 4345 1167 4421 ὑπομνήματα
1189 4343 1324 4424 ἱςορικά.

188 4447 241 4504 Est
267 4445 349 4521 apud
378 4446 557 4518 Mnemon,
572 4446 625 4522 fg.
648 4449 691 4503 H.
725 4445 782 4504 Gr.
804 4446 872 4504 Vol.
901 4446 955 4503 ΠΙ.
977 4464 1006 4521 p.
1029 4465 1105 4522 492,
1127 4446 1326 4523 fragmentum

188 4543 250 4604 eius
278 4543 377 4622 operis
395 4543 564 4621 septimum.
594 4545 677 4604 Idem
701 4543 809 4604 Strabo
836 4545 960 4620 loquens
978 4545 1017 4603 de
1041 4543 1163 4604 thermis
1180 4545 1210 4606 in
1231 4545 1327 4606 insula
