3286 5272
729 550 768 605 45

116 803 119 808 Ι
167 719 331 802 Uterque
362 729 477 784 narrat
509 721 647 803 antiqua
677 723 854 797 uaticinia,
890 724 951 786 sed
975 725 1066 806 apud
1098 725 1319 788 Plutarchum

81 857 83 860 ·
169 855 287 899 senex
320 836 469 911 MariuS,
504 857 567 919 per
603 838 683 901 litus
713 859 860 921 uagam,
886 859 1003 902 eorum
1026 841 1178 904 meminit
1203 841 1318 922 eisque

170 949 331 1025 confidit,
356 953 448 1033 apud
463 952 662 1034 Appianum
677 954 897 1036 magistratus
915 954 1166 1018 Minturnenses
1182 955 1318 1038 relligio

171 1069 348 1148 quaedam
373 1079 408 1132 et
431 1068 552 1130 ominis
576 1069 667 1132 subit
690 1071 862 1132 memoria.

253 1281 352 1344 Prur.
369 1280 461 1345 Mar.
480 1288 531 1360 36.
936 1284 1018 1347 App.
1034 1285 1076 1362 B.
1097 1284 1131 1347 C.
1147 1283 1172 1346 Ι.
1190 1289 1242 1348 όι.

142 1442 336 1543 ,,(Μόιριος)
378 1446 499 1546 ἐχώρει
539 1449 632 1546 παρὰ
666 1450 722 1519 τδν
829 1449 927 1543 ,,Τοῖς
944 1450 1226 1549 ἅρχοοσιν--
1246 1452 1398 1521 ἐνέπιπτέ

82 1567 260 1661 αἰγιαλόν,
288 1566 519 1665 ἐπιθαρσύνων
545 1568 620 1646 τοὺς
649 1572 723 1639 έπο-
775 1596 803 1640 τι
831 1571 997 1664 δαιμόνιον
1025 1573 1096 1650 δέος
1123 1571 1175 1643 καὶ
1203 1572 1322 1669 μνήμη
1337 1577 1398 1667 τῆς

84 1687 219 1778 μένους
237 1688 722 1783 --μαντεῦμασιπαλαινῖς
776 1711 811 1778 ἐι
855 1709 971 1787 παιδὸς
1021 1707 1306 1806 ἐπιφημισθείσης
1349 1713 1398 1804 τῖς,

81 1805 253 1886 πῑέεύωλ·
281 1810 353 1886 νέος
381 1809 443 1906 lli?
472 1809 518 1877 dou
530 1810 585 1916 ,ἕῖῑ
605 1835 722 1879 We·
776 1828 867 1924 ἀνδρὶ
881 1828 1029 1927 ἑβδόμης
1044 1831 1211 1908 ὑπατείας.
1226 1829 1316 1899 παιδὶ
1335 1827 1398 1926 γὰρ

83 1925 160 2004 θῶς
205 1927 258 1996 καὶ
299 1927 473 2027 δῑαῖρέβων
514 1929 583 1998 κατ’
620 1930 720 2026 &llll
775 1947 842 2018 όντι
870 1949 970 2044 φασὶν
999 1951 1033 2028 ές
1059 1952 1115 2020 ιδν
1142 1950 1265 2021 κόλπον
1300 1951 1397 2019 ἀετοῦ

85 2046 323 2126 ὑποδέξασθαι
350 2055 399 2144 τῷ
427 2051 547 2144 ἱματίῳ
580 2075 722 2145 mati·
775 2068 926 2148 νεοττοὺς
953 2069 1037 2140 ἑπτὰ
1073 2077 1317 2167 καταρρυῆναι,
1345 2069 1397 2138 καλ

85 2169 245 2263 ρομένην
261 2169 358 2238 ἀετοῦ
374 2169 722 2264 νεοττιὰν,ἑπτὰνεοτ-
775 2188 850 2266 τοὺς
878 2187 1010 2281 μάιςεις
1037 2191 1159 2273 emp,
1189 2187 1237 2258 ὅτι
1264 2187 1396 2266 ἑπτάκις

85 2286 171 2365 τοὺς
214 2288 370 2384 ἔχουσαν
412 2290 540 2368 ἰδόντας
574 2290 610 2359 δέ
646 2289 722 2367 τοὺς
775 2309 828 2378 ἐπι
855 2316 915 2405 ιῆς
950 2311 1087 2405 μιγίςης
1116 2310 1226 2406 ἀρχῆς
1253 2305 1395 2378 ἔσοιιι,”

86 2415 204 2500 γονεῖς
238 2408 291 2478 καλ
323 2407 564 2501 θαυμάσαντας
592 2411 722 2479 διαπυν-

88 2525 263 2598 θάνεσθαι
290 2535 356 2599 τῶν
392 2529 554 2622 μάντεων·
583 2529 658 2607 τοὺς
685 2530 720 2599 δὲ

89 2650 211 2743 εἰπεῖν,
240 2649 286 2726 ὡς
323 2651 563 2746 έπιιρανέςατος
592 2647 721 2746 ἀνθρόι-

89 2793 169 2838 πων
198 2770 306 2839 ἔσοιτο
333 2770 386 2841 καλ
405 2772 468 2867 τὴν
484 2773 622 2866 μεγίςην
646 2773 721 2864 ἡγε-

92 2891 215 2981 μονίαν
243 2890 295 2960 καλ
323 2892 433 2987 ἀρχὴν
461 2890 592 2970 ἑπτάκις
620 2889 720 2960 αῦτδν

90 3007 211 3109 λαβεῖν
241 3012 416 3104 ἀναγκαῖον
445 3011 530 3108 ai'rp'5

219 3217 363 3280 Insidias
397 3219 659 3301 magistratuum
695 3220 976 3282 Minturnensium
1018 3240 1126 3301 prope
1162 3221 1315 3284 similiter

175 3343 365 3396 memorant
388 3334 496 3416 (Prur.
520 3336 613 3399 Mar.
641 3358 698 3415 393
724 3335 804 3398 Are.
828 3336 870 3397 B.
898 3335 932 3398 C.
956 3335 981 3396 I.
1007 3335 1068 3415 όι).

219 3448 411 3513 Consensus
446 3453 583 3514 tandem
619 3453 789 3514 maximus
819 3452 908 3514 inter
931 3453 1051 3514 ambos
1075 3452 1258 3533 scriptores
1281 3453 1315 3514 in

174 3564 223 3627 eis
246 3565 331 3628 locis
345 3567 506 3642 cernitur,
523 3569 582 3630 ubi
599 3568 705 3631 Cinna
721 3568 899 3642 inducitur,
915 3567 950 3628 in
965 3567 1051 3629 sella
1068 3569 1176 3630 curuli
1192 3568 1315 3630 sedens

175 3679 369 3763 legatisque
392 3701 558 3763 responsa
588 3685 734 3746 reddens
766 3683 877 3745 Mario
901 3684 1075 3745 adstante:

250 3877 348 3940 Prur.
365 3875 458 3939 Mar.
476 3899 527 3955 43.
931 3877 1014 3939 Aue.
1031 3879 1071 3940 B.
1090 3878 1124 3941 C.
1142 3878 1167 3940 I.
1186 3897 1236 3957 70.

150 4039 297 4140 »Κίννας
325 4045 384 4139 μὲν
420 4045 476 4116 οὖν
509 4047 555 4124 ὡς
594 4042 718 4124 ὕπατος
821 4043 889 4140 „⁰0
914 4045 974 4139 μὲν
1002 4046 1044 4142 δὴ
1068 4041 1222 4142 (Κίννας)
1237 4045 1327 4114 ταῦτ’
1341 4045 1393 4115 έπλ

98 4163 150 4234 ἐπὶ
177 4171 234 4234 τοῦ
263 4166 378 4263 δίφρου
406 4165 596 4263 καθήμενος
618 4168 718 4264 ἐχρη-
773 4164 925 4265 βήματος
957 4166 1104 4262 ὑψηλοῦ,
1133 4164 1284 4262 καθάπερ
1313 4162 1393 4234 ῦπα-

55 4323 57 4329 ·
100 4282 213 4374 μάτιζε
240 4284 292 4354 καὶ
312 4285 567 4382 φιλανθρώπους
589 4287 718 4383 ἀποκρί-
771 4310 836 4369 τος,
865 4293 930 4364 τοῖς
948 4285 1125 4385 πρέσβεσιν
1155 4283 1285 4354 ἄνωθεν
1315 4286 1391 4356 ἀπε-

100 4428 164 4483 σεις
191 4405 294 4476 ἔδωκε
308 4413 374 4484 τοῖς
387 4406 566 4505 πρέσβεσι,
590 4402 718 4504 Μάριος
770 4407 910 4503 κρίναιο
927 4401 1055 4504 Μάριος
1078 4406 1105 4475 δ’
1128 4405 1220 4500 αῦτῖρ
1234 4405 1389 4502 παρεςὼς

100 4521 134 4592 δέ
159 4530 208 4622 rip
231 4525 338 4622 δίρριρ
356 4527 548 4623 παρειςήκει
577 4523 716 4621 φθεγγό-
770 4525 862 4622 παρὰ
894 4526 949 4595 τδν
977 4524 1096 4622 θρόνον
1130 4513 1282 4621 ἡσύχαζε
1310 4525 1388 4622 μὲν7
