3284 5272
756 541 796 612 63

100 787 102 793 .
207 727 456 810 publicationes
481 730 647 792 bonorum
666 730 865 793 temerarias
888 731 933 792 ab
959 751 1001 792 eo
1029 731 1160 793 abesse.
1208 729 1347 793 Carissi-

206 865 299 906 mam
311 865 387 908 esse
398 846 568 908 Romanis
579 847 717 908 laudem
730 847 1033 910 mansuetudinem.
1058 845 1171 928 Quare
1184 847 1347 910 tributum

206 970 337 1024 tantum
360 981 524 1024 annorum
551 963 700 1044 quinque
727 971 968 1044 sumptusque,
1001 963 1036 1024 in
1059 963 1189 1025 bellum
1216 962 1345 1037 fact05,

207 1077 256 1140 eis
279 1078 468 1160 inponeret.

250 1195 354 1259 Dicto
378 1193 497 1259 Sullae
520 1163 713 1271 audientes,
738 1198 895 1260 ciuitates
918 1197 1080 1279 pecunias
1105 1198 1148 1258 ad
1162 1216 1240 1260 eum
1253 1217 1346 1260 com-

205 1321 342 1393 portant
381 1312 468 1375 Asia
491 1315 555 1376 sub
578 1315 731 1395 pondere
759 1314 992 1376 calamitatum
1014 1322 1186 1396 gemente.
1229 1313 1346 1396 Vaga-

207 1429 331 1490 bantur
355 1430 445 1493 enim
468 1429 661 1510 perAsiae
685 1451 762 1494 oras
785 1431 933 1512 piratae,
957 1440 1092 1513 portus,
1121 1430 1265 1512 oppida,
1289 1451 1345 1492 ca-

206 1546 308 1608 stella
330 1548 509 1628 propalam
533 1548 743 1610 inuadentes

252 1660 350 1725 Sulla
383 1674 498 1726 autem
533 1663 627 1725 nullo
663 1665 765 1726 modo
800 1664 996 1726 ciuitatibus
1032 1684 1134 1745 opem
1158 1664 1250 1738 tulit,
1287 1665 1348 1726 sed

206 1778 278 1840 siue
302 1780 394 1860 quod
416 1791 557 1862 propter
568 1789 714 1860 peccata
734 1800 792 1842 eas
809 1780 937 1843 auxilio
953 1780 1165 1843 existimaret
1180 1781 1348 1862 indignas

206 1895 278 1956 siue
302 1897 394 1976 quod
416 1906 558 1978 propter
580 1896 765 1978 seditiones
787 1897 938 1959 Romam
961 1907 1176 1978 properaret,
1192 1898 1227 1959 in
1243 1896 1348 1960 Grae·

206 2011 295 2072 ciam
318 2022 353 2074 et
376 2013 455 2074 inde
477 2013 512 2074 in
535 2011 670 2075 Italiam
693 2012 827 2076 traiecit
849 2013 1012 2095 (or-63).

675 2233 882 2240 ψ

746 2422 812 2494 52.

257 2607 512 2672 mentiretur,
540 2607 585 2660 ed
611 2619 779 2672 quosnam
806 2606 952 2660 redeant
979 2608 1140 2661 auctores
1159 2619 1249 2672 quae
1268 2621 1287 2660 a

291 2702 478 2758 Plutarcho
498 2705 534 2756 et
551 2703 712 2768 Appiano
735 2702 924 2756 traduntur
948 2701 1117 2756 derebus
1138 2703 1244 2767 gestis

344 2799 460 2852 Sullae
483 2798 526 2852 ab
548 2797 651 2852 initio
668 2797 751 2852 inde
775 2797 860 2851 belli
882 2809 995 2862 usque
1015 2798 1059 2851 ed
1076 2810 1211 2865 pugnae

434 2894 529 2960 apud
548 2893 780 2948 Chaeroneam
799 2896 835 2947 et
854 2893 1119 2948 Orchomenum.

470 3037 551 3081 Pnur.
568 3036 737 3084 Sull.11-21
755 3049 778 3072 =
795 3035 857 3081 Aer.
876 3037 966 3080 Mithr.
984 3047 1083 3093 22—50.

253 3205 343 3270 Citat
377 3205 580 3268 Plutarchus
615 3205 878 3268 commentarios
913 3203 1032 3269 Sullae
1067 3225 1141 3286 cap.
1178 3227 1216 3282 14
1240 3205 1293 3266 bis
1313 3201 1347 3286 ¹),

208 3343 283 3404 cap.
304 3327 342 3383 16
367 3323 474 3384 semel
490 3321 528 3402 ²),
551 3342 624 3402 cap.
646 3343 682 3402 17
708 3323 816 3384 semel
832 3323 871 3404 ³),
896 3341 969 3403 cap.
992 3343 1029 3400 ιι)
1048 3321 1154 3382 semel
1170 3319 1207 3401 ⁴),
1226 3321 1349 3383 Iubam

149 3404 154 3412 ¹
208 3458 281 3519 cap.
322 3444 359 3500 16
376 3438 407 3518 ⁵).
454 3437 639 3501 Praeterea
672 3439 847 3520 quaedam·
882 3437 994 3500 hausit
1032 3457 1077 3499 ex
1115 3453 1176 3498 sua
1207 3437 1349 3499 scientia

257 3689 278 3776 ¹)
302 3691 387 3772 λέγει
413 3691 447 3755 δέ
471 3692 598 3766 αὐτὸς
622 3697 640 3758 ὁ
663 3689 833 3766 Σύλλας
858 3694 900 3756 ἐν
918 3672 1344 3776 τοῖςὺπομνιψαοιῆ-

207 3799 292 3866 ἑλεῖν
310 3799 344 3865 δέ
363 3807 420 3874 τὰς
436 3797 594 3883 Ἀθήνας
612 3799 730 3874 αὐτὸς
747 3821 867 3881 φησιν
894 3805 933 3863 ἐν
951 3808 1035 3874 τοῖς
1052 3805 1346 3883 ὑπομνήμασιν.

256 3909 278 3990 ²)
303 3909 523 3994 Φιλοβοιωτὸς
559 3904 708 3971 καλεῖται
734 3909 788 3968 καὶ
807 3913 866 3987 τὴν
881 3910 976 3988 φύσιν
994 3909 1094 3973 αὐτοῦ
1108 3912 1163 3972 καὶ
1178 3914 1236 3988 τὴν
1252 3908 1346 3970 θέσιν

209 4020 378 4080 ἐπαινεῖ
403 4015 593 4096 θαυμασίως
617 4016 635 4076 ὁ
657 4014 837 4090 Σύλλοις.

257 4127 280 4207 ³)
305 4125 348 4198 ὡς
377 4122 411 4186 δέ
444 4119 604 4196 Σύλλας
629 4121 750 4195 αὐτὸς
775 4124 815 4188 ἐν
842 4119 994 4203 δεκάτῳ
1018 4128 1094 4188 τῶν
1118 4126 1347 4204 ὑπομνημά-

184 4256 287 4296 ,των
312 4229 485 4314 γέγραφεν.

254 4337 277 4420 4)
300 4345 316 4403 o'
340 4337 374 4404 δέ
398 4344 431 4400 Σ
439 4334 568 4411 ιλλλοις
594 4337 679 4415 λέγει
706 4337 860 4420 τέσσαρας
885 4339 939 4401 καὶ
965 4334 1045 4399 δέκα
1065 4335 1256 4417 ἐπιζητῆσαι
1280 4339 1344 4403 τῶν

209 4448 308 4513 αὐτοῦ
334 4447 531 4528 ςροιτιωτῶν.

254 4555 277 4636 5)
300 4556 317 4615 o‘
341 4551 374 4617 δὲ
393 4552 523 4638 Ἰόβας
541 4551 577 4614 οὐ
597 4552 762 4636 Γαβίνιόν
780 4572 855 4632 φησι
874 4557 1064 4634 πεμφθῆναι
1083 4547 1167 4614 altu
1185 4551 1345 4635 Ἐρίκιον.
