3286 5272
757 543 797 602 29

248 719 381 781 Eodem
404 727 520 781 autem
543 719 646 781 modo
669 737 816 800 pergere
840 738 977 799 possem
1000 718 1088 781 inter
1106 739 1182 781 sese
1207 739 1342 800 compa·

205 855 283 898 rans
306 834 388 898 App.
411 836 454 898 B.
469 834 504 898 C.
529 832 553 897 Ι.
579 855 634 912 423
660 856 719 912 44;
744 856 802 913 493
835 854 872 912 5¹
902 844 937 897 et
960 833 1030 896 L1v.
1054 854 1124 916 per.
1142 833 1344 896 LXXIII-

205 951 381 1026 LXXVI,
404 951 463 1014 ubi
487 951 641 1014 similiter
663 952 708 1013 ab
723 957 868 1032 utroque
887 961 1117 1013 memorantur
1132 951 1344 1034 expugnatio
1367 933 1369 938 ⁵

206 1067 331 1142 Nolae,
365 1087 420 1130 res
454 1077 575 1150 gestae
606 1067 643 1130 L.
671 1065 748 1129 Iulii
778 1066 949 1142 Caesaris,
985 1067 1101 1130 clades
1132 1076 1167 1130 et
1189 1067 1345 1130 interitus

206 1182 245 1265 Q.
271 1183 466 1265 Caepionis,
501 1183 652 1246 libertini
682 1192 755 1245 tum
778 1184 926 1265 primum
949 1183 1151 1258 militanteS‚
1186 1182 1286 1245 Marii
1310 1192 1345 1245 et

207 1298 355 1362 Cornelii
383 1297 501 1364 Sullae
533 1309 634 1381 gesta
673 1299 841 1381 huiusque
872 1300 937 1362 iter
966 1301 1011 1362 ad
1040 1299 1255 1362 consulatum
1285 1319 1344 1380 pe·

205 1417 353 1479 tendum.
399 1416 554 1512 Uterque
577 1416 717 1479 tandem
740 1417 806 1479 hoc
830 1415 959 1478 bellum
982 1413 1103 1478 saccale
1122 1425 1239 1490 uocat,
1263 1436 1345 1478 nun-

205 1552 308 1613 quam
330 1532 516 1595 Marsicum
531 1527 552 1614 ¹)
575 1533 632 1595 uel
655 1533 820 1596 Italicum.

250 1646 351 1729 Quod
374 1648 504 1711 adtinet
527 1650 571 1711 ad
593 1648 794 1742 scriptores,
817 1669 904 1730 quos
927 1669 960 1729 p.
978 1654 1019 1712 26
1037 1648 1156 1722 citaui,
1174 1649 1345 1729 conspirat

206 1763 368 1827 Valerius
391 1765 564 1828 Maximus
587 1765 631 1827 l.l.
655 1786 733 1828 cum
756 1764 935 1847 Appiana,
958 1767 1097 1828 tradens
1125 1764 1165 1846 Q.
1181 1764 1346 1840 Varium,

205 1882 379 1945 tribunum
402 1882 503 1963 pleb„
528 1884 691 1945 aduersus
715 1881 995 1945 intercessionem
1019 1883 1241 1965 conlegarum
1265 1883 1346 1965 lege
1406 1964 1409 1969 Ι

205 2017 267 2060 sua
290 1998 417 2060 sociale
445 1998 574 2061 bellum
599 1998 768 2061 excitasse
792 1997 844 2080 (cf.
867 2018 900 2079 p.
928 1999 989 2079 22).
1035 1997 1203 2062 Conuenit
1225 1999 1346 2061 Eutro-

205 2113 282 2194 pius
311 2114 364 2186 tl.
387 2134 464 2177 cum
486 2113 649 2196 Appiano
673 2116 717 2177 de
740 2115 875 2178 Rutilio
899 2115 1029 2188 occiso,
1053 2115 1097 2177 de
1120 2114 1221 2178 Marii
1243 2117 1346 2177 rebus

206 2229 331 2311 gestis,
363 2230 524 2293 debello
551 2251 572 2292 a
595 2228 694 2293 Sulla
717 2229 874 2293 confecto
897 2229 949 2312 (cf.
973 2251 1006 2312 p.
1031 2249 1090 2311 233
1118 2230 1178 2311 24).
1215 2230 1346 2293 Breues

206 2365 311 2426 porro
335 2347 574 2409 adnotationes
587 2345 722 2409 Auctor
732 2347 839 2409 habet
849 2346 890 2409 de
905 2344 973 2408 ur'r.
987 2343 1052 2420 ill,
1070 2351 1110 2424 63
1129 2347 1172 2408 de
1189 2344 1229 2426 Q.
1245 2346 1346 2408 Pom-

206 2463 347 2543 paedi0‚
382 2463 575 2525 Marsorum
610 2464 715 2538 duce,
751 2461 948 2537 interfect0‚
987 2482 1024 2542 75
1062 2464 1105 2526 de
1132 2460 1347 2526 ‘Samnitibus

186 2601 187 2607 ¹
207 2578 427 2661 Hirpinisque
451 2601 472 2641 a
487 2577 586 2643 Sulla
601 2578 803 2662 profligatis.
827 2579 905 2642 Non
928 2579 1013 2641 nihil
1025 2580 1164 2642 tandem
1180 2579 1348 2660 reperitur

207 2698 299 2778 apud
331 2695 490 2760 Orosium
520 2696 581 2771 l.l.‚
605 2697 699 2776 quod
721 2696 877 2762 similiter
899 2706 1013 2759 narrat
1035 2695 1216 2778 Appianus
1238 2696 1290 2778 (cf.
1314 2716 1346 2777 p.

209 2833 270 2887 22;
297 2813 357 2894 27).

210 3023 416 3030 ---——-—

250 3151 272 3232 ¹)
292 3151 341 3212 Sic
362 3170 380 3210 a
400 3152 567 3211 Smxsoun
579 3197 586 3226 ,
597 3154 635 3211 V.
651 3174 679 3226 4.
693 3173 719 3226 2,
731 3151 780 3212 ed.
791 3153 929 3211 Kramer.
943 3197 950 3225 ,
965 3152 1033 3211 Vol.
1049 3154 1072 3210 I.
1088 3171 1116 3229 p.
1134 3153 1191 3228 383
1210 3162 1345 3212 uocatur.

206 3250 253 3310 Ex
273 3252 379 3312 eodem
397 3251 437 3310 l.l.
454 3250 616 3324 discimus,
639 3249 773 3311 Italiotas
793 3270 849 3327 pro
876 3252 976 3310 Roma
996 3249 1163 3310 decreuisse
1176 3297 1183 3322 ‚
1195 3271 1292 3311 nouae
1303 3251 1346 3310 rei

205 3349 343 3428 publicae
363 3351 425 3410 fore
446 3360 537 3427 caput
555 3349 719 3410 Corfinium
740 3349 803 3409 siue
817 3359 933 3410 mutato
950 3348 1071 3409 nomine
1085 3350 1230 3410 Italicam.
1242 3352 1346 3411 Caete-

207 3469 273 3509 rum
293 3451 410 3510 Marsos
429 3449 517 3510 fuisse
531 3459 650 3527 gentem
672 3447 922 3526 pugnacissimam
944 3450 1020 3508 ΑΡΡ.
1043 3451 1066 3508 I.
1082 3453 1120 3523 46
1140 3450 1230 3512 etiam
1245 3451 1344 3512 docet.
