3284 5272
907 518 967 576 118

367 708 497 771 Verum
529 707 755 770 Alexandrini
782 727 861 769 eum
896 707 951 769 die
978 707 1076 788 regni
1104 705 1237 768 decimo
1276 726 1366 768 nono
1401 706 1503 768 inter-

366 823 528 888 fecerunt.

409 941 605 1023 Insequenti
639 960 728 1003 anno
755 940 819 1023 (80)
850 938 962 1016 Sulla,
998 941 1080 1003 lieet
1110 939 1266 1014 dictator,
1300 947 1431 1012 tamen,
1465 947 1504 1001 ut

366 1065 626 1121 conseruaretur
654 1055 764 1120 forma
792 1057 842 1119 rei
870 1057 1029 1138 publicae
1060 1055 1215 1137 antiqua,
1250 1074 1399 1136 aequum
1428 1075 1503 1117 esse

365 1174 547 1236 arbitratus
570 1181 637 1243 est,
661 1194 698 1236 se
722 1172 897 1236 consulem
920 1170 994 1234 fieri
1017 1171 1059 1235 H.
1108 1170 1297 1253 Conlegam
1314 1170 1503 1252 adsumpsit

254 1351 255 1356 ,
365 1289 545 1352 Metellum
579 1289 679 1351 Pium
691 1284 720 1368 1).
767 1287 868 1351 Unde
898 1287 986 1352 forte
1017 1307 1148 1351 morem
1178 1296 1296 1350 natum
1327 1306 1403 1349 esse
1430 1284 1502 1367 Ap·

364 1406 485 1487 pianus
514 1405 613 1470 nobis
644 1413 763 1468 auctor
794 1413 860 1479 est,
889 1413 927 1467 ut
955 1413 1077 1485 postea
1100 1405 1163 1466 sub
1196 1403 1405 1485 principibus
1435 1422 1502 1464 non

364 1521 561 1583 indecorum
596 1522 794 1595 duceretur,
829 1540 996 1582 summum
1031 1540 1108 1582 cum
1139 1521 1317 1583 consulatu
1342 1518 1502 1600 coniungi

365 1637 553 1718 imperium.
577 1636 617 1699 ln
632 1637 828 1718 proximum
850 1656 974 1699 annum
998 1633 1095 1701 Sulla
1117 1634 1170 1698 111
1193 1657 1214 1698 a
1236 1636 1365 1717 populo
1385 1636 1501 1698 consul

366 1753 566 1834 designatus
597 1761 665 1827 est,
697 1773 764 1834 quo
795 1772 878 1815 uero
909 1753 1039 1814 honore
1074 1762 1232 1815 recusato
1266 1772 1304 1814 se
1334 1751 1501 1814 dictatura

366 1869 539 1931 abdicauit
562 1869 599 1931 P.
624 1866 770 1932 Seruilio
795 1868 831 1932 C.
847 1867 868 1930 f.
886 1868 932 1930 M.
947 1888 979 1931 n.
996 1868 1101 1931 Vatia
1116 1868 1183 1949 (qui
1198 1878 1320 1949 postea
1334 1866 1501 1930 Isauricus

365 1984 559 2065 adpellatus
588 1985 649 2063 est)
680 1994 715 2047 et
743 1982 811 2065 Ap.
836 1984 979 2048 Claudio
1003 1983 1070 2066 Ap.
1093 1983 1114 2046 f.
1139 1983 1174 2048 C.
1197 2004 1229 2046 n.
1252 1984 1401 2047 Pulchro
1425 2003 1499 2046 con·

366 2101 496 2163 sulibus
536 2100 634 2164 factis
651 2099 681 2181 ²).
739 2099 871 2182 Sponte
910 2101 1016 2183 igitur
1050 2098 1148 2164 Sulla
1186 2103 1229 2163 ad
1263 2100 1369 2164 uitam
1402 2100 1500 2162 rediit

365 2217 542 2298 priuatam.
588 2216 729 2279 Dixisse
760 2226 874 2280 autem
897 2217 987 2279 idem
1016 2236 1079 2298 pro
1110 2201 1268 2280 contione
1290 2217 1499 2298 perhibetur,

366 2353 444 2396 cum
478 2333 667 2413 deponeret
690 2352 859 2395 summum
888 2333 1081 2415 imperium,
1116 2343 1273 2414 paratum
1296 2353 1334 2396 se
1358 2353 1446 2408 esse,
1474 2333 1501 2395 si

365 2448 440 2530 quis
475 2457 670 2529 expeteret,
704 2449 871 2511 rationem
906 2468 1043 2511 suorum
1076 2450 1220 2511 reddere
1254 2458 1417 2512 actorum.
1462 2448 1500 2511 In

365 2565 508 2645 praedia
530 2585 592 2628 sua
617 2563 768 2629 Cumana
789 2565 930 2628 secessit
953 2575 1056 2647 atque
1073 2564 1121 2628 ibi
1136 2576 1271 2647 tempus
1286 2566 1500 2649 triuit'pisca·

365 2681 513 2744 tionibus
545 2691 579 2745 et
608 2681 864 2757 uenationibus,
900 2682 964 2745 etsi
991 2680 1087 2744 firmo
1115 2703 1258 2764 corpore
1286 2683 1368 2746 satis
1391 2684 1500 2746 adhuc

280 2849 284 2858 .
364 2797 484 2859 ualens
507 2807 581 2860 erat
603 2807 717 2861 aetate
740 2799 784 2860 ad
809 2798 973 2880 quidquid
996 2795 1220 2861 efficiendum.

409 2912 523 2977 Creati
545 2922 622 2976 sunt
644 2913 782 2976 Romae
812 2915 846 2975 in
870 2934 995 2978 annum
1018 2924 1217 2996 sequentem
1240 2915 1304 2997 (78)
1345 2916 1499 2979 eonsules

364 3028 405 3111 Q.
430 3029 569 3094 Catulus
592 3028 771 3106 Sullanae,
796 3029 966 3093 Aemilius
988 3030 1139 3112 Lepidus
1163 3033 1320 3095 diuersae
1335 3031 1498 3095 factionis.

365 3145 497 3208 Eodem
520 3166 609 3209 anno
633 3144 744 3220 Sulla,
768 3166 831 3228 per
845 3148 1048 3210 insomnium
1063 3148 1227 3223 monitus,
1243 3157 1280 3211 ut
1296 3125 1404 3211 a'fato
1420 3149 1499 3210 iam·

365 3261 432 3323 iam
462 3271 659 3336 uocaretur,
686 3271 929 3325 testamentum
952 3262 1101 3327 scribere
1122 3265 1276 3328 instituit.
1322 3262 1399 3345 Quo
1423 3285 1500 3328 con-

363 3374 455 3440 fecto
487 3377 738 3460 obsignatoque
760 3380 824 3441 sub
852 3399 1033 3460 uesperam
1063 3378 1149 3443 febri
1177 3390 1229 3443 est
1252 3390 1435 3462 conreptus
1466 3390 1500 3443 et

365 3493 486 3555 eadem
521 3503 621 3556 nocte
652 3495 695 3558 de
730 3495 801 3558 uita
835 3494 996 3576 migrauit
1019 3515 1108 3557 anno
1136 3497 1258 3558 aetatis
1282 3497 1500 3577 sexagesimo

363 3833 534 3893 Alexander
553 3835 741 3895 Ptolemaeus
755 3838 785 3895 II
799 3836 912 3906 dictus,
928 3837 1003 3897 filius
1021 3838 1184 3898 Ptolemaei
1199 3841 1242 3898 IX
1260 3838 1322 3898 siue
1338 3840 1500 3899 Alexandri

362 3931 525 3992 Ptolemaei
546 3933 575 4006 I,
597 3934 687 3993 frater
708 3934 849 4010 patruelis
870 3936 1033 3996 Ptolemaei
1053 3938 1128 3996 VIII
1143 3937 1280 4016 Lathyri‚
1297 3957 1391 4014 nepos
1400 3939 1499 3998 Ptole-

363 4030 440 4094 maei
467 4034 527 4090 VII
550 4032 713 4110 Physconis
741 4035 908 4112 Euergetae
939 4033 1023 4114 (alias
1045 4038 1251 4114 Kakergetae,
1283 4036 1320 4097 cf.
1348 4038 1499 4098 Posrnou.

363 4131 402 4208 fg.
429 4150 480 4204 11,
502 4131 550 4190 ed.
572 4131 711 4204 Mueller,
731 4132 780 4210 fg.
803 4137 847 4191 H.
873 4133 929 4192 Gr.
952 4135 1019 4194 Vol.
1035 4136 1089 4208 III,
1110 4155 1140 4212 p.
1157 4134 1236 4216 255).
1264 4136 1309 4196 Cf.
1325 4137 1498 4211 DRUMANN,

363 4230 412 4303 ΙΙ,
434 4250 464 4306 p·
486 4249 546 4306 494
566 4240 629 4290 not·
654 4247 698 4308 79·

410 4326 431 4409 ¹)
451 4329 505 4388 Est
533 4328 570 4403 Q.
601 4327 746 4390 Caecilius
774 4330 811 4405 Q.
841 4331 860 4390 f.
888 4333 923 4390 L.
953 4353 981 4392 n.
1003 4335 1140 4394 Metellus
1161 4334 1246 4408 Pius,
1269 4336 1306 4395 de
1328 4354 1388 4412 quo
1409 4355 1499 4415 supra

363 4425 676 4508 mmmmm

405 4525 435 4607 ²)
452 4526 627 4602 Mommsen,
654 4530 685 4589 C.
709 4529 735 4588 I.
758 4530 815 4603 Δ,
837 4531 861 4588 Ι.
883 4549 912 4606 p.
936 4549 1004 4607 439.
