3284 5272
888 517 927 590 76

482 701 564 764 App.
590 723 640 779 41·
1020 704 1091 768 Lrv.
1115 726 1185 787 per.
1209 706 1398 768 LXXXII.

314 849 463 939 υσυνῆγε
485 843 593 913 δὲκαὶ
618 839 821 940 (Ἀρχέλαος)
847 847 885 914 rh
987 845 1104 921 „Sulla
1119 849 1236 929 copias
1256 849 1349 930 regis
1358 825 1367 922 ‚⁵
1379 867 1464 928 quae
1476 849 1541 909 Mu-

264 961 322 1031 σὺν
334 958 485 1060 Ἀρκαδίᾳ
497 963 643 1059 τῲπαιδὶ
653 969 710 1033 τοῦ
722 963 885 1062 βασιλέως
938 960 1074 1025 cedema
1106 967 1263 1048 occupata
1286 964 1321 1025 iu
1343 964 1542 1026 Thessaliam

263 1083 302 1159 ἐς
333 1078 610 1153 Μακεδονίαν
637 1081 859 1183 appamia?
937 1090 1117 1154 uenerant,
1140 1081 1272 1161 proelio
1296 1080 1403 1144 uicit.'’

370 1264 451 1326 ΑΡΡ.
472 1286 523 1342 45.
771 1266 914 1328 Eurnor’.
934 1266 975 1328 V.
998 1271 1026 1328 ὁ.
1267 1265 1368 1328 Oreos
1384 1265 1443 1328 VI.
1462 1287 1486 1326 2.

302 1408 538 1504 ,.συνελέγοντο
600 1409 646 1478 o’u
739 1409 858 1482 „Utex
870 1408 972 1470 CXX
978 1407 1114 1471 milibus
1213 1409 1302 1483 „CX
1309 1406 1404 1471 milch
1421 1409 1463 1470 de
1480 1427 1566 1468 exer·

235 1527 340 1597 πολὺ
372 1528 547 1607 πλείους
584 1554 647 1622 μυ.
699 1522 764 1586 uix
795 1523 903 1586 decem
937 1523 1112 1588 Archelao
1165 1526 1234 1588 citu
1272 1524 1437 1587 Archelai
1473 1522 1566 1586 titter-

237 1647 332 1742 ρίων
352 1649 394 1717 ἐκ
416 1647 570 1719 δώδεκα
590 1675 646 1742 μυ·
699 1639 941 1720 ὃΠΡθΓθὸὃθῦῖ·”
1156 1641 1270 1724 fecta,
1310 1639 1377 1703 uix
1409 1641 1450 1702 X
1480 1637 1567 1702 milia

237 1764 356 1862 ριάδων
388 1768 647 1862 γενόμενοῑῇ
1165 1747 1371 1830 superfuisse
1429 1746 1568 1810 referun-

1165 1873 1220 1927 tur
1236 1862 1281 1945 1).”

386 2028 516 2102 „Etiam
540 2032 583 2092 de
606 2052 746 2093 numero
770 2051 947 2094 caesorum
969 2033 1237 2107 Romanorum,”
1253 2033 1336 2096 dicit
1358 2032 1472 2095 Iorda-

336 2164 399 2206 nus
410 2144 441 2224 ²),
466 2145 653 2218 „consentit
672 2145 852 2228 Appianus
869 2168 946 2210 cum
961 2147 1136 2230 Eutropio.
1168 2148 1272 2211 Leuis
1287 2157 1402 2210 autern
1416 2149 1471 2210 hic

337 2261 506 2322 notandus
525 2270 577 2323 est
600 2262 748 2324 auctoris
771 2263 878 2325 nostri
894 2282 996 2325 error.
1023 2263 1052 2324 E
1068 2263 1254 2326 Plutarcho
1271 2265 1361 2326 enlm
1375 2265 1471 2326 intel-

337 2375 500 2457 legimuS,
524 2386 655 2440 rectum
674 2397 749 2440 esse
764 2397 942 2441 numerum
965 2399 1068 2459 quem
1083 2363 1266 2460 Eutropius
1283 2378 1414 2442 adferat
1425 2379 1472 2460 ³).'’

383 2645 404 2726 ¹)
425 2645 612 2723 Epitomator
632 2647 708 2707 LIuii
728 2645 834 2707 uitiose
855 2646 971 2724 scripsit
997 2649 1174 2723 curtilibus,
1189 2667 1259 2708 nam
1277 2668 1313 2708 ex
1331 2647 1475 2726 Eutropio

336 2754 365 2804 et
387 2744 495 2805 Orosio
516 2755 615 2822 patet,
636 2745 755 2806 Liuium
775 2746 874 2824 ipsum
895 2745 1045 2824 scripsisse
1070 2749 1133 2807 CX.

378 2843 403 2923 ²)
424 2846 572 2918 IoRDAN.‚
594 2865 623 2922 p.
648 2867 695 2918 42.

379 2942 402 3019 ³)
424 2941 624 3004 Ratiocinatio
645 2943 766 3002 Iordani
786 2963 847 3003 non
868 2943 1011 3020 quadrat,
1033 2963 1103 3002 nam
1125 2964 1162 3003 ex
1181 2947 1256 3004 ΑΡΡ.
1277 2963 1314 3022 45
1331 2944 1472 3021 sequitur,

335 3044 410 3100 XIII
440 3043 519 3104 uiros
549 3035 720 3104 interfectos
741 3062 819 3118 esse,
852 3062 868 3102 e
895 3045 993 3103 Ptur.
1020 3063 1056 3119 19
1078 3045 1153 3117 XII,
1176 3063 1213 3103 ex
1234 3043 1372 3104 tortor.
1394 3046 1431 3101 V.
1455 3048 1471 3102 6

334 3144 423 3216 XIII,
444 3141 497 3219 qui
516 3141 607 3222 igitur
627 3144 715 3220 plane
736 3163 806 3202 cum
828 3142 970 3220 Appiano
992 3142 1152 3219 conspirat.
1185 3143 1285 3203 Minus
1306 3153 1387 3204 recte
1405 3145 1473 3202 Iou-

332 3259 436 3302 DANUs
457 3242 496 3301 l.l.
518 3253 548 3301 et
568 3245 652 3301 Lntv
672 3263 702 3320 p.
725 3261 742 3319 9
764 3242 865 3301 locum
887 3240 1025 3318 Eutropii
1046 3241 1148 3300 citant.
1179 3243 1249 3302 Non
1268 3241 1347 3301 enim
1365 3242 1472 3321 legitur

334 3350 388 3415 „ut
408 3359 445 3400 ex
466 3341 562 3400 Sullae
582 3339 715 3400 exercitu
736 3340 846 3414 XIV‚’'
868 3341 921 3400 sed
943 3342 1036 3416 „XHI
1052 3349 1167 3399 tantum
1179 3339 1313 3400 homines
1327 3340 1472 3401 interfice-

334 3440 456 3499 rentur'’
478 3439 564 3520 (XIII
581 3440 687 3518 legitur
707 3439 739 3501 in
753 3449 895 3517 quattuor
915 3439 1021 3513 codd.‚
1043 3438 1074 3497 in
1090 3442 1168 3497 B:
1180 3440 1249 3499 cod.
1270 3440 1385 3518 collegii
1406 3443 1472 3500 Bal·

333 3538 475 3610 hoiensis,
498 3538 529 3598 in
550 3542 627 3598 L:
641 3539 694 3598 MS
716 3537 793 3599 inter
811 3538 901 3599 codd.
925 3541 962 3596 D.
980 3538 1018 3596 G.
1037 3537 1133 3597 Laudi
1155 3537 1185 3596 in
1203 3537 1275 3598 bibl.
1293 3539 1472 3613 Bodleiano,

333 3638 364 3697 iu
384 3639 502 3700 duobus
523 3638 612 3699 codd.
630 3641 730 3698 Luco.
752 3640 829 3696 Bur.
851 3635 900 3716 (cf.
923 3639 1048 3714 Eutrop.
1070 3637 1117 3696 ed.
1138 3638 1172 3695 F.
1188 3637 1316 3712 Gruner‚
1338 3638 1471 3715 Coburg.

337 3756 371 3813 17
376 3757 428 3816 52,
450 3738 542 3815 praef.
564 3758 594 3815 p.
616 3739 634 3796 8
648 3757 701 3814 sq.‚
714 3746 784 3795 text.
797 3757 827 3814 p.
839 3737 877 3795 86
897 3736 976 3817 not),
988 3746 1144 3812 praeterea
1164 3736 1195 3794 in
1216 3739 1283 3794 HM
1296 3735 1472 3796 :historia

334 3835 464 3897 miscella
483 3857 520 3896 ex
534 3835 697 3914 Eutropio,
714 3836 818 3896 Paullo
833 3835 970 3894 Diacono
983 3833 1106 3911 aliisque
1127 3845 1283 3910 contexta,
1305 3836 1352 3895 ed.
1364 3857 1383 3895 a
1393 3837 1471 3896 Gru-

334 3948 398 3997 tero
418 3936 494 3995 inter
516 3935 674 4012 scriptores
687 3933 766 3994 Hist.
782 3938 861 4013 Aug.
884 3933 1022 4010 Denique
1036 3933 1197 4006 Paeanius,
1220 3933 1270 4012 qui
1290 3934 1471 3995 breuiarium

333 4034 469 4112 Eutropii
488 4033 519 4093 in
539 4033 671 4111 linguam
690 4033 839 4092 Graecam
854 4031 1000 4092 conuertit
1019 4051 1047 4092 a.
1068 4033 1125 4108 380
1145 4032 1194 4112 (cs.
1213 4035 1374 4108 Troum,
1395 4047 1469 4094 rum.

333 4136 388 4192 litt.
409 4153 438 4210 p.
452 4151 509 4211 972
531 4131 577 4213 (3θ
596 4130 711 4212 Aufl.))‚
732 4131 792 4192 iam
811 4133 902 4191 habet
922 4143 1005 4216 τρεῖς
1024 4137 1078 4195 καὶ
1099 4132 1179 4196 δέκα
1196 4143 1316 4213 μόνους
1332 4135 1467 4216 ἄνδρας.

333 4238 402 4298 Vid.
427 4257 518 4316 porro
539 4240 665 4315 Eutrop.
686 4238 725 4296 l.l.
748 4237 795 4296 ed.
823 4239 977 4315 Droysen,
999 4239 1096 4298 Berol.
1119 4238 1245 4298 Weidm.
1268 4261 1298 4317 p.
1322 4240 1382 4322 35).
1424 4243 1470 4298 Ex

331 4338 388 4398 ista
408 4336 514 4397 uitiosa
532 4335 659 4397 lectione
680 4337 829 4396 fluxerunt
851 4355 1008 4413 peruersae
1026 4334 1144 4396 illorum
1166 4337 1345 4415 scriptorum
1367 4359 1469 4398 recen-

332 4437 442 4496 tiorum
473 4434 644 4495 sententiae.
697 4437 775 4494 Nam
804 4435 834 4494 in
865 4435 1068 4513 disputatione
1099 4436 1220 4496 Iordani
1250 4457 1391 4498 numerus
1421 4437 1469 4498 ille

333 4546 541 4614 argumentum
569 4545 613 4594 est
644 4535 684 4593 ad
712 4535 922 4613 probandum,
949 4534 1122 4612 Appianum
1153 4534 1238 4596 Liuio
1271 4556 1356 4596 usum
1387 4557 1465 4612 esse,
