3286 5272
868 496 910 568 46

242 710 341 778 μενος
373 685 433 778 μὲν
468 684 580 768 οὐδὲν,
618 685 796 780 &rahnida
829 686 866 755 δὲ
918 685 1039 782 ἐδήλου
1054 685 1090 754 δὲ
1113 693 1157 781 ‘n
1178 683 1349 782 δριμύτητι
1370 691 1427 755 τοῦ
1442 710 1541 782 προς-

242 806 294 876 ὰεὶ
327 812 373 902 τῇ
406 803 566 903 βαρύτητι
602 811 660 874 τοῦ
686 805 865 903 προςὼποο
918 805 1012 874 (bano
1039 805 1143 875 πόσον
1171 806 1347 902 ἐργάσεται
1375 805 1512 901 'adunus'

242 925 296 995 καὶ
322 932 366 1022 τῇ
394 927 568 1022 ςυγνότητι
594 933 652 996 τοῦ
675 926 866 1025 βλέμματος

243 1047 290 1123 ὡς
316 1044 416 1124 εὐθὺς
442 1047 628 1144 ἐμπλήσων
663 1048 775 1143 φόνων
803 1049 864 1143 τὴν

242 1164 368 1235 πόλιν.”

366 1586 406 1648 In
428 1587 529 1649 Marii
551 1597 661 1649 morte
683 1589 851 1649 narranda
873 1608 1038 1669 perquam
1060 1591 1177 1652 breuis
1193 1589 1373 1671 Appianus
1393 1599 1461 1664 est,

321 1705 410 1766 haec
440 1713 572 1765 tantum
601 1704 750 1765 habens:
784 1705 819 1766 in
853 1725 978 1766 annum
1012 1716 1212 1786 sequentem
1246 1726 1332 1768 coss
1355 1705 1463 1768 creati

322 1831 401 1883 sunt
435 1819 543 1883 Cinna
565 1820 599 1881 Π
633 1829 669 1883 et
701 1820 831 1883 Marius
852 1821 937 1895 VH,
973 1823 1027 1884 cui
1060 1832 1140 1904 post
1170 1823 1329 1885 exsilium
1357 1832 1461 1904 atque

321 1937 604 2018 proscriptionem
622 1946 736 1999 tamen
753 1938 973 2020 praesagium
988 1939 1074 2000 illud
1088 1950 1220 2021 septem
1236 1939 1462 2020 aquilinorum

323 2053 495 2134 pullorum
517 2053 611 2114 haud
625 2053 761 2115 inritum
772 2052 845 2115 fuit
863 2053 914 2115 At
927 2054 984 2117 hic
1000 2055 1147 2135 quidem,
1162 2056 1271 2118 multa
1286 2065 1322 2118 et
1336 2056 1463 2117 acerba

324 2179 442 2233 contra
473 2167 606 2233 Sullam
633 2170 668 2231 in
690 2179 831 2250 pectore
853 2169 989 2250 fouens⁷
1012 2172 1122 2252 primo
1145 2172 1366 2254 magistratus
1387 2171 1462 2234 initi

323 2307 440 2349 mense
475 2287 567 2347 diem
602 2286 687 2348 obiit
720 2306 924 2367 supremum.

368 2401 499 2465 Multus
534 2411 653 2463 contra
685 2400 888 2464 Plutarchus
923 2410 976 2464 est
997 2403 1032 2463 in
1056 2403 1264 2474 enarrand0‚
1288 2403 1460 2483 quomodo

324 2518 473 2592 Marius,
496 2517 671 2579 laboribus
694 2517 851 2598 curisque
875 2537 1076 2598 oppressus,
1099 2528 1250 2580 mentem
1264 2537 1354 2580 nouo
1366 2518 1462 2580 bello

324 2635 585 2715 recentibusque
625 2633 867 2696 certaminibus
905 2635 949 2696 ad
977 2644 1090 2696 tantas
1114 2634 1341 2716 cogitationes
1363 2633 1463 2714 trepi-

325 2752 463 2812 dantem
486 2750 686 2830 (nuntiatum
709 2750 799 2811 enim
821 2759 913 2823 erat,
942 2747 1077 2811 Sullam
1100 2748 1258 2812 confecto
1280 2750 1374 2811 bello
1397 2748 1462 2809 Mi·

325 2866 517 2928 thradatico
539 2864 674 2927 Italiam
697 2884 816 2927 uersus
838 2865 1014 2947 nauigare)
1038 2866 1172 2947 erigere
1202 2886 1271 2927 non
1302 2865 1463 2938 ualuerit‚

325 2982 450 3063 quique
473 2981 567 3043 hisce
589 2979 717 3043 fractus
740 2981 1006 3062 cogitationibus
1018 2982 1211 3064 longosque
1224 3001 1304 3042 suos
1320 3001 1462 3056 errores,

325 3097 427 3180 fugas
461 3107 496 3159 et
533 3097 702 3177 pericula,
732 3106 823 3159 terra
856 3098 1009 3179 marique
1043 3098 1195 3179 perlata,
1230 3106 1309 3159 ante
1344 3098 1463 3159 oculos

326 3215 391 3276 sibi
413 3211 563 3296 fingenS,
587 3213 620 3274 in
649 3213 842 3275 anxietates
864 3214 1020 3277 inciderit
1042 3234 1169 3295 graues
1203 3213 1305 3294 inque
1328 3222 1462 3275 noctur·

326 3350 388 3392 nos
410 3340 558 3392 terrores
581 3339 617 3390 et
639 3330 835 3392 turbulenta
850 3330 994 3404 somnia,
1015 3350 1150 3411 semper
1173 3330 1322 3411 aliquem
1345 3329 1463 3391 audire

327 3452 466 3524 putans,
498 3442 555 3523 qui
585 3441 731 3504 diceret:
777 3436 903 3529 ,,δεινα“ι
930 3435 992 3533 γὰρ
1019 3444 1121 3506 κοῖται
1149 3437 1202 3506 καὶ
1229 3437 1463 3532 ἀποιχομένοιο

327 3554 484 3633 λέοντος.”
530 3559 710 3643 Quomodo
722 3582 841 3643 porr0‚
865 3563 1067 3625 insomnium
1090 3572 1261 3637 metuens,
1284 3562 1463 3643 potationi-

327 3678 393 3739 bus
427 3697 464 3738 se
488 3675 617 3738 dedens
646 3675 804 3737 ebrietati
829 3675 1021 3748 indulserit,
1045 3693 1201 3737 somnum
1223 3675 1319 3736 uelut
1340 3674 1464 3738 sollici·

262 3877 264 3882 ,
327 3793 481 3855 tudinum
504 3789 669 3872 effugium
692 3791 864 3854 adliciens.

372 3909 469 3971 Duos
502 3908 642 3971 tandem
676 3907 881 3970 Plutarchus
905 3907 987 3970 citat
1018 3908 1219 3989 scriptoreS,
1244 3908 1464 3970 Posidonium

328 4024 569 4107 philosophum
593 4034 628 4086 et
652 4023 687 4086 C.
710 4024 887 4097 Pisonem,
918 4043 1061 4104 quorum
1090 4024 1148 4086 ille
1172 4025 1318 4086 Marium
1341 4025 1464 4106 partim

328 4141 514 4204 futurorum
545 4150 653 4214 metu,
684 4142 807 4220 partim
837 4141 1067 4220 praesentium
1093 4139 1228 4203 fastidio
1251 4141 1286 4202 in
1308 4142 1464 4203 morbum

329 4258 474 4320 laterum
497 4257 654 4319 incidisse
678 4257 709 4318 ei
733 4265 851 4318 auctor
874 4265 942 4330 est,
966 4257 1020 4320 hic
1044 4276 1127 4318 uero
1150 4257 1297 4318 Marium
1320 4277 1341 4318 a
1357 4277 1465 4319 coena

329 4373 417 4435 inter
438 4373 566 4434 amicos
588 4372 866 4434 deambulantem
897 4373 940 4433 de
963 4372 1066 4433 rebus
1092 4372 1161 4434 suis
1185 4373 1381 4434 disseruisse
1405 4373 1465 4433 ad·

330 4489 523 4571 didisseque
547 4489 701 4561 tandem,
725 4507 792 4549 non
817 4507 892 4549 esse
916 4487 989 4548 sani
1005 4487 1149 4550 hominis
1166 4486 1321 4550 fortunae
1338 4509 1375 4550 se
1391 4507 1461 4550 cre·
