3284 5272
839 527 895 566 122

296 693 581 792 παρονομασθείς,
616 693 795 793 Πομπηίου
836 697 895 790 μὲν
924 697 971 764 ὢν
997 705 1074 776 παῖς
1101 703 1159 768 τοῦ
1186 696 1431 796 διεφθαρμένου

298 819 347 911 rip
361 813 531 913 κεραυνῖρ”
548 818 577 903 ¹).
600 821 677 885 Per.
700 823 761 885 l.l.:
788 822 868 898 „Cn
892 821 1092 906 PompeiuS,
1110 822 1169 888 Cn.
1186 824 1329 907 Pompei
1344 824 1434 888 filius

298 936 386 1009 eiuS,
409 936 466 1016 qui
489 934 657 999 Asculum
680 936 835 1018 ceperat”
850 936 881 1017 ²).

341 1051 525 1135 Discrepat
547 1050 727 1135 Appianus
750 1054 794 1116 l.l.
818 1073 839 1115 a
861 1053 958 1116 Liuio
981 1053 1025 1116 l.l.
1049 1053 1084 1116 in
1098 1072 1239 1115 numero
1259 1053 1434 1136 legionum

297 1169 441 1251 Pompei
464 1172 623 1233 notando.
669 1170 776 1252 Apud
798 1171 894 1234 illum
918 1171 1008 1233 enim
1022 1170 1207 1252 Pompeius
1223 1191 1325 1234 unam
1341 1171 1435 1234 ducit

295 1283 469 1366 legionem
494 1275 561 1373 (καί
586 1277 679 1356 τέλος
696 1278 719 1358 ³)
741 1275 903 1375 ἤγαγεν),
930 1285 1022 1366 apud
1044 1285 1133 1347 hunc
1157 1293 1235 1347 tres.

341 1401 424 1465 Am.
447 1402 473 1464 I.
499 1423 557 1483 79:
592 1396 743 1490 „Erillum
762 1395 911 1476 ἅπαντας
939 1396 1028 1493 ἅμυν
1057 1399 1090 1476 ἐς
1118 1397 1278 1496 μυριάδας
1305 1398 1433 1495 ἀνδρῶν

296 1515 492 1614 τέσσαρας.”
538 1524 587 1587 Id.
611 1524 637 1588 Ι.
670 1531 730 1588 82:
769 1515 978 1618 ,Νωρβανὸς
1017 1518 1070 1588 καί
1111 1517 1251 1590 Σκιπίων
1293 1519 1345 1589 ἐπὶ
1378 1519 1434 1589 τλν

297 1635 425 1707 Σύλλαν
460 1635 627 1735 ἐχώρουν,
662 1639 810 1736 σπείραις
845 1640 880 1709 ἐκ
914 1640 1139 1709 πεντακοσίων
1174 1639 1303 1737 ἀνδρῶν
1331 1639 1434 1709 διακο-

297 1757 380 1836 σίαις
406 1757 481 1828 τότε
507 1764 652 1856 πρῶτον·
684 1755 799 1857 ὕςερον
828 1757 890 1857 γὰρ
917 1759 969 1829 καὶ
997 1758 1112 1829 πλέοσι
1138 1756 1295 1830 τούτων.”
1330 1765 1435 1828 Ducit

296 1878 401 1960 igitur
413 1876 510 1942 Sulla
521 1880 556 1941 in
575 1879 769 1942 uniuersum
781 1879 915 1943 circiter
930 1880 1158 1962 quadraginta
1171 1880 1321 1942 uirorum
1333 1878 1434 1952 milia,

295 1994 475 2057 Norbanus
499 2003 534 2059 et
557 1993 676 2077 Scipio
700 2005 837 2059 centum
860 1996 965 2059 milia.
996 1994 1044 2059 Cf.
1062 1991 1179 2071 Vacci,
1195 1995 1246 2071 Π,
1267 2016 1307 2074 24
1331 1996 1434 2057 med:

300 2097 417 2184 „Sul'la
447 2111 540 2174 haud
561 2113 662 2193 plura
696 2132 800 2194 quam
822 2111 963 2194 triginta
986 2109 1079 2174 milia
1102 2112 1265 2174 aduersus
1288 2112 1436 2174 ducenta

296 2226 390 2288 milia
412 2228 558 2309 amplius
581 2228 730 2290 hostiurn
754 2227 944 2309 exposuit‚”
967 2228 1001 2289 in
1024 2228 1147 2309 quibus
1163 2227 1269 2309 igitur
1288 2226 1436 2289 numeris

297 2344 470 2407 tradendis
493 2343 650 2407 Velleius
676 2364 743 2406 non
767 2346 870 2426 plane
894 2365 972 2407 cum
995 2339 1157 2426 Appiano
1180 2344 1361 2425 conspirat.

339 2459 498 2540 Denique
521 2461 672 2524 breuiter
693 2481 748 2524 res
772 2469 962 2523 memoratu
985 2461 1107 2542 dignas
1130 2479 1345 2542 percurram:

345 2597 370 2639 1.
395 2575 578 2659 Copiarum
602 2577 829 2640 consularium
853 2578 897 2639 ad
921 2574 1055 2640 Sullam
1078 2576 1255 2640 transitum
1271 2595 1348 2638 cum
1364 2574 1436 2656 Ap·

296 2693 399 2774 piano
423 2702 613 2757 memorant
635 2693 750 2756 Liuius
766 2691 804 2775 ί),
828 2693 996 2768 Velleius,
1020 2692 1159 2767 Florus,
1183 2691 1375 2774 Eutropius

342 2979 363 3062 ¹)
384 2981 429 3042 Cf.
458 2983 534 3040 ΑΡΡ.
563 2983 587 3040 Ι.
617 2983 655 3040 68
685 2990 775 3040 extr.:
807 2983 996 3064 ,μιεραιννῶν
1031 2981 1065 3046 δὲ
1100 2978 1232 3048 πολλῶν
1266 2983 1297 3055 ἐς
1321 2983 1356 3044 τὸ
1381 2990 1436 3048 τοῦ

295 3089 473 3172 Πομπηίον
506 3086 706 3172 ςρατόπεδον
732 3091 1023 3170 καταρραγέντων,
1050 3087 1146 3154 ἄλλοι
1172 3112 1205 3152 τε
1230 3091 1295 3155 τῶν
1321 3092 1437 3170 ἐπιφα-

248 3207 251 3216 ’
296 3204 363 3265 νῶν
400 3200 455 3262 καί
487 3202 504 3262 o'
535 3203 709 3280 Πομπήιος
737 3194 917 3262 dedisco?
937 3230 977 3239 -
997 3197 1094 3255 PLUT.
1116 3197 1222 3270 Pomp.
1248 3214 1281 3253 1:
1304 3193 1437 3282 „filop-

295 3303 404 3389 πήιος)
434 3303 585 3371 ἀπέθανε
611 3303 860 3383 κεραυνωθείς.”
901 3299 982 3380 (Vid.
1006 3300 1229 3371 CASS.D10N.,
1252 3299 1292 3378 fg.
1318 3318 1373 3387 197
1395 3301 1437 3362 ll.

295 3432 324 3488 p.
350 3411 429 3484 148).
450 3445 490 3455 —-
511 3412 576 3470 Im..
600 3410 713 3480 OsssaQ.
739 3412 812 3468 116:
836 3404 1016 3485 „Pompeius
1036 3405 1163 3470 adflatus
1186 3403 1281 3464 sidere
1297 3404 1437 3464 interiit.”

294 3509 377 3589 (Vid.
398 3511 485 3569 Ριιιν.
506 3509 550 3568 Ν.
572 3513 632 3580 Η.,
655 3510 693 3566 ΙΙ.
718 3506 777 3588 18).
863 3506 976 3580 Oros,
996 3507 1034 3564 V.
1050 3525 1102 3581 19:
1116 3503 1295 3582 „Pompeius
1316 3504 1438 3564 fulmine

300 3609 427 3668 adflatus
448 3606 589 3668 interiit.”

337 3706 363 3788 ²)
384 3707 429 3768 Cf.
451 3709 528 3780 L1v.,
561 3726 623 3784 per.
652 3707 795 3766 LXXVI:
825 3704 990 3780 „Asculum
1020 3721 1038 3762 a
1067 3703 1121 3763 Cn.
1151 3701 1294 3780 Pompeio
1315 3711 1438 3780 captum

296 3807 370 3868 est.'’
384 3841 419 3850 -—
440 3808 527 3880 APP„
549 3806 571 3864 l.
594 3822 632 3880 47
655 3815 746 3865 extr:
769 3812 964 3889 „Hounritoc
990 3802 1023 3870 δὲ
1047 3807 1101 3868 καί
1122 3807 1157 3867 τὸ
1176 3802 1329 3870 ’Ἄσκλον
1349 3805 1439 3868 ἐπελ-

294 3918 368 3980 θὼν
398 3912 609 4000 ἐπολιόρκει.”

337 4021 361 4102 ³)
383 4021 424 4081 ct
441 4022 537 4081 Pcur.
553 4021 664 4079 Antan.
679 4022 733 4093 18,
751 4038 767 4079 e
788 4037 849 4096 quo
869 4018 938 4078 loco
952 4018 1094 4095 adparet,
1109 4015 1258 4094 legionem
1268 4018 1439 4076 Romanam

294 4141 313 4180 a
337 4120 462 4181 Graecis
491 4119 581 4198 τέλος
612 4117 733 4179 uocari:
759 4118 861 4196 itaque
883 4117 1001 4193 τέλος
1024 4124 1146 4201 ἤγαγεν
1171 4145 1213 4174 =
1238 4135 1328 4174 unam
1350 4114 1439 4194 legio-

295 4245 364 4286 nem
386 4225 479 4286 duxit.

335 4324 359 4406 4)
380 4327 445 4386 Per.
456 4326 512 4384 l.l.:
535 4324 720 4402 „Uniuersus
745 4322 893 4384 exercitus
913 4321 1052 4396 consulis,
1067 4320 1242 4382 sollicitatus
1252 4339 1305 4398 per
1317 4318 1439 4379 emissos

292 4444 311 4484 a
341 4426 421 4485 Sulla
451 4423 573 4496 milites,
606 4423 690 4500 signa
721 4423 761 4480 ad
782 4423 892 4480 Sullam
914 4420 1074 4479 transtulit.
1118 4418 1219 4496 Scipio
1250 4439 1319 4478 cum
1341 4417 1438 4478 occidi

295 4534 409 4602 posset,
435 4522 572 4584 dimissus
596 4521 671 4582 est’'.
712 4523 804 4580 Plane
824 4520 913 4599 igitur
935 4518 1077 4580 conuenit
1098 4539 1167 4578 curn
1189 4520 1265 4577 APP.
1288 4520 1311 4576 Ι.
1334 4520 1375 4604 85
1394 4538 1438 4596 sq.
