3284 5272
894 517 934 572 74

341 690 560 770 descripsisse
592 689 689 768 (Lucu
720 709 752 768 p.
783 689 845 766 7),''
877 687 926 749 sie
957 687 1145 749 concludit:
1180 689 1285 762 „haec
1316 709 1336 749 e
1360 687 1472 750 Sullae

341 802 512 868 memoriis
547 824 616 866 non
650 823 806 865 manasse
839 823 902 885 per
931 823 969 864 se
1004 811 1116 883 patet;
1159 805 1225 865 hoc
1261 813 1394 866 tantum
1426 823 1473 864 re

342 930 427 992 stat,
457 930 494 983 ut
523 929 660 1002 sumpta
682 920 748 982 sint
780 927 839 982 aut
872 940 893 981 e
927 919 1038 992 Liuio,
1066 927 1125 982 aut
1152 940 1198 982 ex
1229 940 1297 981 uno
1325 920 1473 982 alteroue

343 1037 478 1119 aequali
506 1036 604 1098 eiusl’

386 1152 482 1214 Idem
509 1171 592 1215 uero
619 1151 685 1213 sibi
711 1152 888 1232 proposuit
915 1151 1148 1214 demonstrare
1179 1161 1318 1226 „contra
1350 1151 1476 1213 Heere-

343 1289 424 1330 num
450 1278 486 1331 et
508 1268 684 1342 Peterum,
710 1269 817 1330 uitam
840 1266 958 1331 Sullae
981 1288 1044 1350 pro
1067 1266 1195 1330 mazare
1216 1277 1315 1350 parte
1339 1289 1359 1330 e
1381 1267 1476 1329 Liuio

342 1386 499 1447 haustam
530 1404 606 1446 esse
637 1383 736 1464 (Lacr
769 1404 801 1464 p.
838 1384 889 1461 1).’'
934 1382 1037 1464 Quod
1071 1405 1091 1446 e
1127 1384 1357 1465 disputatione
1391 1384 1478 1457 εἰπε,

342 1521 445 1581 quam
482 1519 585 1581 supra
623 1499 742 1574 citaui,
782 1519 851 1562 non
887 1497 987 1562 facile
1031 1500 1222 1581 conligitur.
1282 1499 1365 1562 Alio
1402 1500 1478 1562 loco

342 1616 470 1698 legitur
498 1614 598 1695 (Lmr
625 1634 657 1694 p.
692 1615 758 1694 12):
795 1613 925 1688 „Video
955 1617 1142 1678 secundum
1163 1615 1326 1678 Peterum
1348 1615 1479 1677 Plutar-

343 1733 446 1794 chum
479 1731 558 1793 inde
592 1750 614 1792 a
647 1730 759 1812 capite
793 1731 895 1793 tertio
925 1750 989 1812 per
1023 1741 1157 1812 partem
1186 1731 1295 1794 multo
1317 1730 1480 1792 maiorem

343 1855 455 1909 totum
485 1867 522 1908 se
546 1845 719 1908 addixisse
750 1847 1000 1909 commentariis
1029 1847 1211 1928 perpaucis
1235 1868 1281 1908 ex
1304 1847 1380 1908 aliis
1402 1866 1479 1908 auc-

344 1961 474 2024 toribus
503 1961 672 2043 inspersis.
722 1961 849 2023 Tamen
870 1961 971 2024 ualde
993 1962 1182 2024 cauendum
1206 1967 1270 2036 est,
1295 1981 1338 2023 ae
1360 1966 1481 2024 temere

344 2077 537 2152 credamus,
570 2076 797 2140 Plutarchum
830 2082 960 2160 semper
993 2051 1070 2140 eum
1096 2076 1279 2161 praecipue
1311 2083 1481 2140 auctorem

344 2193 454 2278 sequi,
469 2214 569 2278 quem
585 2193 727 2256 laudat.”
751 2193 839 2258 Cum
861 2194 983 2274 quibus
1005 2195 1121 2256 uerbis
1144 2214 1299 2276 pugnare
1322 2194 1483 2256 uidentur

344 2321 433 2382 quae
474 2321 557 2363 mox
598 2302 640 2382 (p.
688 2301 736 2380 13)
780 2300 870 2362 Lacr
915 2300 1040 2363 scribit.
1098 2300 1214 2364 Citans
1264 2301 1354 2362 enim
1395 2297 1481 2365 Sall.

348 2421 406 2477 28:
441 2409 541 2503 „tua
575 2409 611 2478 δέ
641 2433 758 2502 φασιν,
801 2409 847 2475 ὧν
883 2408 935 2477 καλ
968 2405 1206 2486 Φαινεστέλλας
1241 2406 1350 2492 ἐςίν,”
1384 2415 1481 2477 dicit:

349 2548 447 2612 „erge
473 2537 612 2609 praeter
634 2525 766 2591 Sullam
797 2537 833 2590 et
863 2527 998 2590 Liuium
1021 2525 1122 2590 etcum
1144 2527 1228 2591 alces
1250 2533 1403 2591 auctores
1430 2526 1482 2590 ire-

347 2642 485 2726 spexc't.'’

390 2759 578 2822 Videamus
617 2779 705 2841 quae
744 2760 875 2834 Liuius,
915 2759 1052 2833 Florus,
1094 2760 1295 2841 Eutropius,
1340 2759 1484 2822 Orosius

346 2876 581 2957 suppeditent:

371 3043 453 3106 ΑΡΡ.
478 3065 529 3121 30.
764 3043 863 3105 FLOR.
887 3041 912 3104 Ι.
937 3065 989 3119 40.
1020 3065 1067 3105 10.
1258 3043 1359 3106 ans,
1383 3043 1444 3105 VI.
1470 3065 1500 3106 2.

289 3173 394 3272 „iidoc
408 3175 435 3246 δ’
444 3175 487 3271 ἧν
501 3175 543 3244 τὰ
556 3177 654 3272 τείχη
757 3185 893 3256 „portus
906 3196 969 3238 sex
981 3186 1040 3238 aut
1051 3196 1121 3239 arn·
1222 3187 1376 3260 „portum
1441 3188 1589 3259 septem-

244 3297 384 3393 πήχεων
411 3293 657 3392 τεσσαράκοντα
707 3292 796 3373 plius
820 3292 924 3354 muris
947 3292 1102 3354 cinctus.''
1173 3293 1255 3375 plici
1283 3312 1379 3355 muro
1403 3295 1590 3356 communi·

246 3413 400 3511 μάλιςα.”
1173 3409 1270 3472 tum.''

391 3543 465 3605 Etsi
498 3543 590 3624 App.
617 3564 797 3606 numerum
823 3563 996 3606 murorum
1027 3564 1096 3606 non
1123 3544 1284 3606 adcurate
1308 3542 1484 3624 designat,

346 3669 461 3720 tamen
485 3659 528 3720 de
550 3659 703 3740 pluribus
726 3659 829 3721 muris
853 3659 1009 3740 loquitur,
1033 3657 1074 3720 cf.
1099 3657 1182 3720 Aer.
1196 3677 1235 3736 37
1265 3651 1306 3734 „6
1326 3649 1352 3719 δ’
1368 3645 1483 3746 Ἀρχέ-

346 3771 426 3848 λαος
461 3769 574 3839 αὐτίκα
609 3772 720 3848 νοκτδς
752 3769 794 3839 τὰ
823 3769 1020 3839 πεπτωκότα
1056 3775 1114 3839 τοῦ
1145 3770 1274 3865 τείχους
1304 3763 1483 3864 ἰρκοδόμει,

313 3931 314 3934 =
349 3890 510 3986 μηνοειδῆ
550 3889 659 3967 αὐτοῖς
697 3888 805 3959 πολλὰ
844 3887 989 3987 περιθεὶς
1031 3887 1195 3960 ἔνδοθεν.”
1257 3895 1307 3959 ld.
1340 3918 1383 3973 40
1407 3890 1485 3983 „rel

347 4009 525 4106 κατήρειψε
556 4035 586 4080 τι
616 4015 673 4079 τοῦ
708 4010 920 4106 μηνοειδοῦς,
959 4010 1134 4106 ὑγροτέρου
1170 4009 1222 4078 καὶ
1260 4006 1482 4104 ἀσθενεςέρου

349 4130 395 4200 ἔτι
421 4128 514 4206 ὄντος
546 4127 604 4199 ἅτε
630 4130 825 4226 νεοδμήτοο.
854 4129 1050 4221 ὑπιδομένου
1072 4129 1108 4200 δὲ
1134 4135 1230 4198 τοῦτο
1257 4129 1304 4199 ἔτι
1322 4128 1483 4225 πρότερον

349 4246 549 4346 Ἀρχελάου,
590 4249 642 4318 καλ
681 4249 1026 4347 προοικοδομήσαντος
1060 4247 1194 4319 ἔνδοθεν
1226 4247 1325 4340 ὅμοια
1354 4247 1482 4343 πολλὰ,

349 4370 386 4438 τδ
425 4368 484 4461 μὲν
529 4369 624 4465 ἔργον
664 4369 707 4465 ἦν
754 4375 804 4464 τῖρ
855 4367 981 4464 Σύλλα
1012 4369 1157 4465 διηνεκὲς
1211 4368 1405 4460 ἐμπίπτοντι
1450 4369 1485 4445 ἐς

351 4487 461 4585 ἕτερον
489 4487 601 4582 ὅμοιον
631 4489 664 4568 ἐξ
691 4487 834 4587 ἑτέρου.”
