3284 5272
561 515 736 628 '⁶1

67 742 174 835 μόνος
188 738 385 838 Ἀθῆνησιν,
406 742 481 812 οὐδὲ
495 738 632 840 Κριτίας
646 744 692 812 ἔτι
747 742 859 838 γῆμας
883 767 917 810 τε
940 739 1163 836 παιδισκάριον
1178 737 1365 836 εόμορφον,
1486 807 1491 816 ,

65 864 137 960 πρδ
164 860 371 957 τούτου,καί
399 861 470 932 ὅσοι
496 869 545 958 τῖρ
573 859 693 960 Κριτίᾳ
748 861 832 954 μετὰ
858 859 975 931 τούτου
1006 861 1089 957 πρδς
1118 861 1155 928 τδ
1183 857 1367 954 σοφιςεόειν

68 982 401 1078 συμφιλοσοφοῦντες
447 981 693 1079 ἐτυράννησαν,
748 978 910 1078 ὥρμησε,
940 979 1090 1078 μειράκια
1105 978 1287 1076 σχολαςικά
1305 977 1367 1074 θη-

69 1101 159 1172 ἀλλά
186 1103 238 1172 καί
261 1105 294 1172 έν
318 1099 438 1198 Ἰταλίᾳ
461 1109 528 1172 τῶν
548 1101 694 1197 πυθαγο-
749 1100 864 1199 ρεόων.
888 1102 940 1171 καί
957 1099 1157 1196 σοφιςεόσας
1179 1103 1213 1170 έν
1231 1095 1368 1196 Μεσσή-

70 1221 236 1319 ρισάντων
263 1223 315 1292 καί
334 1225 368 1292 έν
388 1229 433 1318 τῆ
461 1221 548 1318 άλλη
562 1219 694 1293 Ἑλλάδι
747 1247 809 1318 νη,
828 1221 888 1317 κὀγν
921 1220 1055 1318 Λαρίσῃ
1087 1225 1131 1316 τῆ
1167 1216 1366 1316 Θετταλικῆ,

69 1349 140 1412 τῶν
164 1340 248 1412 ἑπτὰ
267 1348 383 1438 σοφῶν
410 1342 600 1436 λεγομένων
624 1340 694 1411 όσοι
747 1342 800 1412 καί
817 1341 926 1412 πολλὰ
947 1339 1173 1438 ἐργασάμενος
1194 1340 1368 1436 χρῆματα,

69 1461 280 1559 πραγμάτων
308 1461 483 1560 ἐλάβοντο,
525 1461 695 1542 έδυνάςευ-
748 1459 939 1558 ἐπανῆλθεν
972 1463 1018 1538 εἰς
1046 1459 1106 1537 τὰς
1132 1455 1290 1555 Ἀθῆνας.
1318 1459 1370 1528 καί

72 1580 138 1651 σάν
160 1606 196 1651 τε
214 1581 266 1650 καί
280 1580 507 1678 έτυράννησαν
525 1581 695 1679 ὠμότερον
748 1579 994 1678 χειροτονηθείς
1009 1581 1072 1649 ὑπδ
1090 1585 1157 1648 τῶν
1179 1574 1369 1673 Ἀθηναίων

71 1708 142 1770 τῶν
156 1701 324 1770 ἰδιωτικῶν
345 1700 532 1799 τυράννων,
555 1699 622 1782 ὥςε
644 1702 696 1771 καί
748 1701 974 1799 πρεσβευτὴς,
1003 1697 1058 1769 ότε
1077 1701 1122 1776 εἰς
1148 1693 1370 1794 Μιθραδάτην

71 1821 150 1918 περί
175 1827 243 1890 τῶν
265 1819 375 1890 ἄλλων
400 1821 593 1917 φιλοσόφων
616 1820 696 1891 άπο-
749 1820 791 1890 τὰ
819 1819 1000 1917 πράγματα
1032 1820 1199 1915 μετέρρει,
1231 1817 1371 1914 ὑποδρα-

74 1966 133 2038 ρον
148 1947 286 2037 ποιῆσαι
312 1941 365 2010 καί
386 1937 543 2025 ὕποπτον,
566 1942 630 2010 εἴτε
658 1939 696 2010 δι’
751 1941 823 2035 μὼν
860 1942 915 2010 τδν
945 1938 1083 2038 βασιλέα
1103 1944 1173 2008 τῶν,
1193 1936 1299 2033 φίλων
1327 1939 1372 2015 εἰς

75 2060 218 2157 ἀρετὴν,
240 2060 304 2129 εἴτε
323 2059 437 2137 πενίας
464 2060 516 2128 καί
537 2059 697 2156 ἀπραξίας
750 2061 893 2156 ἐγένετο,
923 2061 1060 2155 μεγίςης
1083 2059 1194 2154 τυχὼν
1218 2083 1371 2154 προαγω-

73 2181 138 2276 τῆν
170 2179 290 2275 σοφίαν
319 2177 434 2249 ἔθεντο
465 2177 696 2276 παραμύθιον,
751 2189 813 2279 γῆς
836 2189 879 2271 (p.
906 2209 986 2262 211,
1011 2208 1048 2261 e,
1072 2186 1101 2261 f;
1125 2207 1158 2267 p.
1185 2207 1265 2260 212,
1290 2184 1329 2266 a).

76 2301 125 2367 ῶν
140 2325 176 2394 γε
195 2300 248 2369 καί
266 2304 322 2368 νῶν
340 2298 456 2369 πολλοί
477 2296 699 2376 ἰδιωτεύοντες
801 2303 870 2400 ῆδη
887 2301 943 2372 οὖν
958 2309 1018 2397 τῆς
1032 2297 1145 2379 Ἀσίας
1166 2299 1371 2399 μεταβεβλη-

75 2419 129 2488 καί
143 2419 334 2513 πενόμενοι,
358 2419 411 2488 καὶ
432 2419 494 2514 τὴν
519 2419 697 2512 ἀναγκαίαν
753 2425 856 2518 μένης
872 2419 1063 2517 ὁἈθηνίων
1079 2423 1242 2516 ἐπανῆκεν
1259 2418 1372 2497 εἰςτὰς

76 2540 113 2608 έκ
126 2539 230 2608 τῶνδε
249 2538 368 2633 σοφίαν
383 2538 617 2635 περικείμενοι.
632 2545 698 2616 τοῖς
752 2538 901 2639 Ἀθήνας
915 2558 957 2632 (p.
973 2571 1046 2624 212,
1058 2548 1101 2630 b).
1117 2585 1166 2592 —-
1179 2540 1233 2608 καί
1248 2539 1317 2632 μετ’
1334 2539 1371 2607 οὐ

75 2659 272 2728 πλουτοῦσιν
299 2659 323 2753 ἢ
349 2656 489 2754 ἄρχουσι
516 2657 698 2755 λοιδοροῦν-
751 2661 878 2740 πολλὰς
911 2663 1040 2758 ἡμέρας
1080 2659 1245 2758 τόραννον,
1272 2660 1371 2728 αὑτδν

75 2803 131 2848 ται
143 2784 278 2874 πικρῶς,
289 2777 351 2873 οὐχ
363 2778 542 2874 ὑπεροψίας
552 2776 699 2847 πλοότου
753 2781 924 2860 ἀναδείξας
943 2783 960 2850 ὁ
975 2780 1172 2876 φιλόσοφος,
1188 2780 1241 2848 καί
1254 2780 1291 2848 τδ
1305 2785 1371 2848 τῶν

76 2898 131 2968 καί
151 2898 261 2995 ἀρχῆς
281 2897 377 2976 δόξαν
401 2898 493 2992 σφίσι
524 2898 649 2990 μοθλυν
674 2897 698 2991 ἢ
753 2899 991 2998 Πυθαγορικῶν
1004 2899 1173 2978 ἀναδείξας
1183 2897 1373 2995 δόγμαπερί

78 3016 279 3113 ζηλοτυπίας
304 3019 337 3094 ές
365 3016 450 3086 αὐτὰ
463 3019 699 3115 προφέροντες.
752 3028 814 3118 τῆς
842 3020 1038 3119 ἐπιβουλῆς,
1068 3019 1120 3088 καί
1151 3020 1182 3088 τί
1208 3016 1372 3116 ἠβούλετο

79 3139 266 3234 ὑπερορῶσι
292 3135 320 3206 δ’
347 3136 457 3206 αὐτῶν
492 3141 522 3206 οἱ
548 3137 699 3236 βλασφη-
754 3141 913 3236 αὐτοῖς-η
942 3139 1140 3235 φιλοσοφία,
1160 3137 1242 3233 ῆνό
1274 3138 1373 3214 καλδς

80 3253 238 3350 μοόμενοι
258 3255 343 3326 πολὺ
371 3254 595 3354 σοφῶτερον.”
752 3257 954 3356 Πυθαγόρας
981 3257 1193 3354 εἰςηγῆσατο,
1220 3254 1372 3351 καθάπερ

754 3379 889 3476 ἱςόρησε
901 3375 1097 3470 Θεόπομπος
1108 3379 1141 3446 έν
1153 3375 1255 3472 ὀγδόη
1264 3373 1373 3446 Φιλιπ-
1434 3427 1436 3433 ι

753 3505 874 3582 πικῶν,
890 3498 943 3567 καί
951 3493 1138 3594 Ἕρμιππος
1158 3498 1174 3565 ό
1201 3491 1374 3588 Καλλιμά-

753 3644 852 3715 χειος·
863 3616 990 3695 εὐθέως
1003 3616 1056 3686 καί
1071 3616 1165 3693 οὖτος
1178 3613 1254 3691 τοδς
1265 3613 1324 3707 μὲν
1334 3613 1370 3683 εὖ

755 3744 957 3836 φρονοῦντας
974 3743 1041 3806 τῶν
1055 3735 1197 3806 πολιτῶν
1213 3731 1318 3830 (παρά
1332 3731 1374 3803 τά

754 3855 979 3956 Ἀριςοτέλους
1005 3856 1055 3926 καί
1081 3852 1275 3951 Θεοφράςου
1303 3853 1374 3947 δόγ-

756 4004 863 4072 ματα,
886 3978 933 4055 ῶς
948 3974 1062 4071 ἀληθῆ
1085 3977 1166 4045 εἰναι
1179 3975 1241 4070 τῆν
1260 3997 1373 4069 παροι-

756 4099 831 4191 μίαν
850 4097 912 4192 τῆν
926 4095 1088 4190 λέγουσαν
1111 4095 1185 4190 ,μῆ
1208 4093 1299 4163 παιδί
1310 4091 1374 4184 μά-

756 4212 1373 4315 χαιραν”)ἐκποδὼνεῦθδςέποιῆσατο.

757 4333 904 4432 φύλακας
931 4333 959 4404 δ’
974 4333 1027 4405 έπί
1040 4332 1099 4410 τάς
1112 4329 1218 4410 πόλας
1237 4332 1375 4426 κατέςη-

757 4481 824 4538 σεν,
834 4456 880 4532 ῶς
895 4452 1020 4549 νόκτωρ
1034 4450 1177 4528 πολλοὺς
1196 4457 1262 4520 τῶν
1274 4447 1375 4544 Ἀθη-
