3284 5272
722 541 841 615 89‘

173 728 216 790 l.l.
242 729 420 792 uictoriam
443 727 630 804 Fimbriae,
648 731 939 812 expugnationem
955 731 1133 812 Pergami,
1145 730 1312 813 pericula,

175 844 209 906 in
233 845 355 926 quibus
378 845 605 908 Mithradates
628 856 782 910 uersatus
805 846 920 921 fuerit,
944 843 1171 910 uastationem
1194 847 1256 910 Ilii.

220 958 321 1041 Quod
344 960 474 1022 adtinet
497 961 541 1022 ad
564 961 773 1036 Palladium,
799 947 986 1026 secundum
1009 961 1092 1025 Are.
1117 959 1239 1025 Mller.
1271 983 1310 1039 53

175 1068 369 1162 ,,νομίζουοί
393 1094 477 1146 τινες
504 1067 683 1166 εὑρεθῆναι
722 1069 797 1140 τότε
824 1067 1011 1167 ἅθραοςον,
1047 1076 1114 1139 τῶν
1143 1069 1313 1139 ἐπιπεσόν-

174 1213 240 1256 των
273 1195 394 1284 τειχῶν
434 1188 515 1258 αὐτδ
541 1188 866 1287 περικαλυψάντων.”
913 1195 983 1260 Sed
1006 1197 1117 1270 addit,
1145 1197 1211 1260 hoc
1239 1195 1313 1259 fieri

174 1336 241 1379 non
271 1316 438 1397 potuisse,
461 1336 541 1377 nam
573 1307 769 1406 υΔιομήδης
805 1310 971 1394 attonat
998 1308 1175 1388 Ὀδυσσεὺς
1203 1312 1236 1380 ἐν
1263 1314 1313 1407 rip

175 1427 312 1526 Τρωϊκῷ
339 1431 428 1527 ἔργῳ
457 1431 660 1527 μετήνεγκαν
693 1430 726 1508 ἐξ
753 1427 847 1500 Ἰλίου
876 1426 929 1511 ¹).'’

218 1549 303 1612 Veri
325 1549 434 1613 simile
458 1559 524 1622 est,
541 1549 676 1612 Liuium
691 1550 758 1613 hoc
777 1549 973 1633 prodigium
989 1551 1092 1613 etiam
1108 1570 1313 1613 commemo-

173 1686 281 1741 rasse,
305 1686 452 1747 namque
474 1666 584 1728 Inuus
602 1664 809 1741 Oasaouaus,
837 1667 894 1748 qui
913 1667 947 1729 in
966 1667 1086 1729 libello
1113 1667 1175 1742 ,de
1196 1667 1313 1730 Prodi-

174 1782 257 1864 giis’'
287 1783 401 1845 omnia
431 1770 591 1864 portenta
622 1803 662 1845 ae
685 1792 838 1846 monstra
859 1783 1002 1846 Liuiano
1035 1784 1202 1866 conlegit,
1232 1784 1314 1847 dicit

174 1900 212 1981 (c.
233 1899 320 1980 116),
336 1899 424 1962 inter
438 1899 552 1962 ruinas
568 1899 750 1982 deflagrati
767 1901 888 1982 templi
903 1901 1079 1963 Mineruae
1097 1900 1314 1964 simulacrum

174 2015 259 2077 illud
282 2015 418 2078 stetisse
448 2015 655 2078 inuiolatum.
703 2015 787 2079 Cum
811 2017 984 2079 autemid
1006 2017 1202 2099 prodigium
1224 2017 1314 2078 nude

174 2140 305 2206 narret,
329 2129 447 2205 cred'o,
472 2150 549 2193 eum
572 2131 621 2194 sic
646 2149 782 2214 quoque
797 2111 890 2212 apud
905 2131 1040 2194 Liuium
1055 2152 1128 2194 rem
1144 2132 1315 2194 inuenisse

175 2247 355 2328 proditam.
387 2245 656 2322 ,Confirmatur’,
679 2247 761 2310 dicit
783 2247 949 2310 lordanus
965 2243 1000 2331 ²),
1028 2267 1125 2322 ,mea
1146 2247 1316 2310 sententia

176 2362 320 2443 (Liuium
353 2360 483 2424 fontem
514 2361 617 2424 fuisse
649 2362 822 2444 Appiano)
845 2363 923 2426 loco
958 2363 1036 2425 Iulii
1059 2361 1315 2443 obsequentis.”

176 2479 306 2541 Recte:
328 2497 431 2540 unum
446 2485 578 2540 tantum
593 2478 734 2540 interest
752 2478 841 2540 inter
858 2478 906 2553 id,
919 2478 1012 2559 quod
1023 2486 1139 2540 narrat
1155 2485 1314 2558 uterque:

176 2593 292 2656 Liuius
315 2593 510 2676 prodigium
532 2592 660 2656 facturn
683 2613 759 2656 esse
779 2594 902 2666 credit,
919 2593 1099 2676 Appianus
1114 2613 1183 2655 non
1199 2581 1315 2655 credit.

220 2709 361 2773 Auctor<
394 2710 434 2772 de
469 2709 536 2773 uir.
571 2707 619 2772 ill.
656 2714 696 2789 76
728 2710 795 2772 hoc
826 2711 1020 2793 prodigium
1051 2711 1204 2772 nondum
1234 2711 1316 2773 satis

175 2826 331 2889 mirabile
362 2827 543 2889 existimat.
571 2825 678 2907 Apud
701 2843 780 2888 eum
802 2846 871 2888 non
894 2827 1086 2890 Palladium
1102 2827 1230 2900 solum,
1254 2827 1316 2888 sed

176 2950 286 3006 totum
315 2942 500 3024 Mineruae,
520 2943 686 3024 templum
714 2943 916 3006 inuiolatum
939 2928 1049 3017 stetit,
1069 2937 1163 3024 'quod
1185 2941 1315 3005 factum

177 3079 252 3121 esse
276 3059 391 3122 diuina
413 3059 592 3121 maiestate
617 3056 781 3121 adfirmat.
909 3099 913 3108 -

229 3164 331 3259 „uide
357 3166 416 3259 μὲν
443 3163 518 3262 δὴ”,
542 3173 658 3254 pergit
673 3171 755 3234 Are.
774 3191 825 3249 53.
844 3181 938 3247 extr,
964 3162 1151 3265 ,,Φιμβρίας
1170 3167 1203 3243 ἐς
1218 3162 1315 3235 Ἴλιον

176 3284 361 3383 εἰργάζετο,
389 3283 560 3382 ληγούσης
588 3284 660 3383 ἄρτι
686 3293 747 3382 τῆς
774 3286 887 3382 τρίτης
913 3286 966 3355 ri
994 3285 1226 3385 ἑβδομηκοςῆς
1262 3288 1314 3358 καὶ

158 3409 338 3503 ,ἑκατοςῆς
365 3403 595 3497 Ὀλυμπιάδος.
631 3406 685 3475 καί
710 3430 793 3483 τινες
820 3409 979 3502 ἡγοῦνται
1010 3407 1048 3476 τδ
1079 3405 1189 3484 πάθος
1227 3408 1315 3504 αὐτῇ

177 3526 252 3596 τόδε
293 3526 363 3618 μετ’
396 3521 621 3619 Ἀγαμέμνονα
661 3525 777 3620 χιλίοις
823 3525 876 3594 καλ
910 3526 1189 3623 πεντήκοντα
1230 3527 1317 3597 ἔτεσι

177 3645 332 3740 γενέσθαι
360 3643 513 3739 μάλιςα.”

225 3842 245 3923 1)
266 3845 346 3920 App.
368 3841 498 3919 adpellat
519 3840 727 3901 simulacrum:
752 3847 877 3926 „1614-
898 3845 1055 3927 Ἀθηνᾶς
1074 3845 1171 3929 ἕδος,
1193 3845 1316 3910 irrat-

179 3951 293 4016 iddaov
308 3949 488 4017 nattum?
508 3950 600 4008 Hunc
615 3949 696 4032 (ἕδος
712 3979 752 4005 z
764 3949 910 4033 ἄγαλμα)
924 3970 986 4010 non
1005 3971 1068 4012 esse
1093 3950 1234 4010 usitatum
1253 3971 1317 4012 sen-

177 4076 243 4116 sum
270 4055 472 4132 unusquisque
499 4053 593 4115 nouit.
635 4055 694 4114 Sed
714 4055 797 4132 apud
817 4055 891 4116 alios
912 4055 1002 4116 etiam
1023 4055 1066 4116 sic
1087 4065 1247 4133 usurpatur
1267 4058 1316 4116 eff.

177 4158 257 4214 XEN.
278 4157 360 4214 Hell.
382 4157 412 4228 I,
435 4175 470 4228 4,
496 4174 542 4213 12.
573 4189 611 4196 —
633 4156 729 4214 PLUT.
754 4156 866 4213 Pericl.
892 4176 945 4231 133
970 4157 1029 4215 Sol.
1055 4175 1100 4212 12.
1126 4189 1161 4198 «-
1183 4157 1315 4216 Dlouvs.

178 4257 279 4332 Antiq.
302 4257 332 4326 I,
354 4273 409 4328 47;
431 4255 491 4326 ΙΙΙ,
514 4257 562 4330 69.
573 4287 611 4340 w—
634 4255 727 4313 PAUS.
749 4255 840 4325 Vm,
864 4257 921 4328 48,
943 4275 968 4314 1.
1011 4257 1169 4314 Praeterea
1189 4275 1227 4314 ne
1248 4255 1315 4332 quis

180 4354 330 4415 dubitaret
350 4357 431 4432 App.
453 4354 525 4428 ἕδος
547 4371 601 4430 per
623 4353 818 4421 Παλλάδιον
840 4352 1052 4432 interpretatus
1068 4364 1122 4414 est.
1198 4431 1199 4434 Ἴ

221 4459 246 4540 ²)
267 4462 416 4530 lernam,
438 4480 468 4537 p.
481 4481 536 4537 49,
558 4459 609 4520 ubi
630 4459 720 4520 etiam
741 4463 936 4534 AUGUSTIN„
958 4463 993 4520 de
1014 4463 1070 4519 eiu.
1092 4463 1140 4520 dei
1159 4463 1213 4520 ΙΙΙ.
1239 4480 1253 4536 7
1276 4461 1316 4523 ad

180 4579 264 4619 suam
285 4558 456 4642 opinionem
478 4561 734 4636 comprobandam
756 4560 860 4619 adfert.
