3284 5272
719 522 759 580 79

213 696 369 777 Denique
394 695 577 778 diligenter
608 695 811 758 Plutarchus
842 704 997 757 naturam
1028 696 1096 757 loci
1127 696 1304 771 describit,

168 813 212 874 de
235 831 303 893 qua
325 812 505 893 Appianus
528 811 611 874 nihil
635 831 743 893 prope
766 811 881 874 habet.

211 928 294 991 App.
316 948 356 1007 45
382 929 500 1003 tradit,
524 930 567 990 ad
592 938 752 991 euentum
768 948 909 1010 pugnae
924 927 1106 1010 plurimum
1122 929 1306 992 contulisse

167 1044 381 1125 prudentiam
411 1042 530 1107 Sullae
560 1053 595 1106 et
617 1043 937 1106 inconsiderantiam
960 1042 1133 1106 Archelai.
1180 1044 1306 1118 Addit,

169 1157 300 1223 Sullam
334 1161 444 1242 spolia
478 1159 610 1223 inutilia
645 1159 719 1222 deis
752 1159 837 1222 belli
871 1159 1085 1240 praesidibus
1116 1180 1305 1222 cremasse:

171 1273 289 1360 „rotro
321 1267 381 1361 μέν
416 1268 457 1363 δὴ
495 1265 605 1362 Σύλλᾳ
632 1266 684 1336 καὶ
711 1263 878 1364 Ἀρχελάῳ
905 1273 966 1362 τῆς
996 1267 1071 1362 περὶ
1098 1263 1304 1364 Χαιρώνειαν

169 1386 284 1484 μάχης
310 1387 402 1465 τέλος
418 1387 479 1484 ἦν,
499 1387 537 1456 δι’
552 1385 724 1485 εὐβουλίαν
746 1387 788 1483 δὴ
806 1384 928 1478 μάλιςα
952 1384 1084 1480 Σύλλα,
1104 1387 1141 1456 δι’
1160 1385 1305 1484 ἀρρυσί-

168 1531 229 1602 νην
262 1502 439 1603 Ἀρχελάου
466 1506 591 1576 τοίονδε
625 1507 770 1603 ἑκατέρῳ
803 1507 990 1599 γενόμενον.
1044 1504 1172 1586 Σύλλας
1203 1506 1306 1577 δὲτὰ

169 1625 228 1719 μέν
248 1627 367 1723 ἀχρεῖα
385 1623 615 1722 σωρευθέντα,
636 1623 885 1719 διαζωσάμενος
899 1627 945 1704 ὡς
964 1623 1042 1705 ἔθος
1056 1627 1104 1706 έςί
1118 1625 1305 1720 Ρωμαίοις,

169 1745 268 1824 αἰνπδς
296 1746 460 1843 ἐνέπρησε
487 1753 553 1824 τοῖς
581 1745 740 1824 ἐνυαλίοις
766 1744 889 1824 θεοῖς.”

212 1866 355 1936 Restat,
371 1874 409 1927 ut
424 1865 468 1928 de
484 1864 579 1928 fonte
597 1864 679 1928 Aer.
698 1863 821 1928 Μιῖίιν.
838 1885 969 1947 41—45
987 1866 1113 1942 dicam,
1128 1886 1195 1947 qua
1210 1867 1254 1930 de
1269 1887 1306 1928 re

168 1981 290 2044 iterum
307 1981 455 2043 Iordano
470 2001 539 2043 non
558 1981 740 2055 adsentior,
752 1981 859 2044 libros
872 1981 960 2044 Liuii
975 1979 1105 2044 fontem
1121 1982 1262 2045 habenti
1276 1980 1305 2062 ¹).

212 2097 399 2161 Videamus
423 2097 466 2160 de
490 2097 572 2160 App.
596 2095 718 2160 anthr.
744 2117 876 2175 45—50
906 2095 957 2178 (cf.
981 2117 1013 2179 p.
1039 2117 1080 2175 59
1105 2099 1172 2179 sq.).

212 2212 492 2275 Posmon.R1soo.
508 2216 559 2294 op.
572 2209 695 2274 Athen.
708 2210 781 2274 Lib.
798 2211 858 2274 VI.
874 2231 907 2290 p.
926 2216 989 2274 266
1004 2231 1032 2285 e,
1048 2208 1100 2298 fr)
1122 2201 1306 2296 ,Nuo'laog

169 2327 197 2396 δ’
211 2329 228 2395 ὁ
242 2324 502 2423 Περιπατητικὸς
519 2323 571 2393 καὶ
590 2322 809 2410 Ποσειδώνιος
825 2327 841 2393 ὁ
858 2323 1000 2403 Στωικὸς
1015 2326 1048 2394 έν
1063 2331 1132 2401 ταῖς
1147 2321 1305 2422 Ἱςυρίαις,

171 2445 321 2543 ἑκάτερος
347 2444 422 2522 τοὺς
450 2441 549 2521 Χίους
577 2443 679 2539 φησίν
708 2442 1066 2541 ἐξανδραποδισθέντας
1098 2445 1160 2514 dub
1179 2440 1307 2542 Μιθρα-

171 2564 270 2635 δάτου
296 2570 353 2634 τοῦ
382 2560 607 2641 Καππάδοκος
633 2561 867 2660 παραδοθῆναι
894 2570 960 2642 τοῖς
986 2564 1075 2642 ἰδίοις
1102 2562 1228 2642 δούλοις
1259 2565 1307 2635 δε-

170 2686 344 2778 δεμένους,
371 2685 411 2755 ἵν’
438 2686 483 2762 εἰς
509 2685 570 2780 την
599 2679 745 2779 Κόλχων
772 2690 836 2780 γῆν
863 2681 1144 2758 κατοικισθῶσιν.”

213 2805 284 2869 Lrv.
299 2825 370 2886 per.
385 2803 576 2865 LXXXII.
598 2801 737 2885 „lSulla)
752 2812 917 2866 renouato
931 2804 1054 2866 deinde
1076 2804 1170 2866 bello
1185 2805 1308 2867 iterum

170 2922 358 2986 exercitum
388 2921 481 3004 regis
510 2920 598 2983 fudit
629 2940 669 2982 ac
693 2920 831 2983 deleuit.
877 2920 1063 2983 Praeterea
1087 2931 1307 3004 expugnatae

169 3039 204 3100 in
227 3038 313 3101 Asia
335 3039 437 3100 urbes
461 3058 482 3099 a
497 3036 706 3099 Mithradate
731 3045 766 3099 et
782 3036 966 3100 crudeliter
981 3036 1115 3117 direpta
1133 3037 1309 3118 prouincia

171 3152 386 3216 referuntur.”

215 3270 358 3332 EurRor.
375 3268 416 3330 V.
434 3275 463 3331 6.
491 3269 574 3343 „hac
597 3288 715 3350 pugna
738 3268 840 3350 (apud
862 3265 1107 3348 Chaeroneam)
1123 3267 1308 3331 Mithrada-

170 3397 223 3448 tes
246 3385 386 3468 cognita
409 3384 628 3466 septuaginta
650 3383 744 3446 milia
767 3383 952 3446 lectissima
973 3404 1018 3445 ex
1034 3383 1119 3446 Asia
1134 3383 1308 3447 Archelao

170 3503 277 3577 misit,
302 3511 422 3565 contra
444 3521 547 3583 quem
570 3501 693 3563 iterum
717 3497 814 3563 Sulla
838 3487 1015 3563 commisit.
1047 3500 1161 3562 Primo
1177 3501 1309 3582 proelio

172 3617 365 3699 quindecim
387 3616 482 3678 milia
503 3615 652 3679 hostium
674 3613 855 3678 interfecta
878 3625 969 3689 sunt,
992 3626 1027 3678 et
1041 3614 1130 3678 filius
1145 3616 1310 3679 Archelai

172 3733 359 3816 Diogenes.
405 3730 564 3796 Secundo
589 3751 707 3794 omnes
731 3731 947 3794 Mithradatis
970 3730 1090 3812 copiae
1119 3732 1309 3796 exstinctae

172 3859 258 3911 sunt.
302 3849 497 3911 Archelaus
519 3848 592 3927 ipse
616 3847 727 3909 triduo
749 3847 860 3909 nudus
882 3848 917 3910 in
940 3846 1122 3928 paludibus
1142 3847 1265 3910 latuit.”

219 4041 319 4106 Oros.
336 4041 395 4104 VI.
415 4062 442 4102 2.
470 4039 673 4122 „Comperta
696 4040 794 4102 clade
817 4039 1068 4121 (Chaeronensi)
1083 4039 1309 4103 Mithradates

183 4320 185 4324 ’
217 4320 240 4401 ¹)
261 4324 409 4393 IORDAN„
430 4339 460 4396 p.
483 4339 613 4394 41—-43,

215 4420 240 4500 ²)
261 4424 386 4478 Arnen.
419 4419 638 4493 Deipnosoplz„
670 4419 717 4476 ed.
750 4417 900 4494 Schwgh.,
929 4419 1017 4476 Tom.
1040 4419 1078 4474 II.
1100 4436 1129 4493 p.
1146 4435 1220 4508 ¹521.
1264 4418 1308 4476 Cf.

174 4521 338 4588 Munium,
360 4522 410 4595 se.
433 4521 476 4575 Ji
503 4517 560 4575 Gr.
582 4517 649 4575 Vol.
672 4517 725 4573 III.
750 4534 780 4591 p.
802 4519 869 4592 265.
