3284 5272
895 509 934 569 72

349 683 526 764 Epidauri,
552 681 750 764 Olympiae,
774 681 922 763 Delphis
943 681 1093 746 fuissent.
1122 682 1176 744 Ita
1191 690 1304 745 autem
1320 683 1477 746 militibus

350 799 563 862 blandientes
597 819 707 880 neque
739 798 1063 872 animaduertentes‚
1099 819 1186 880 quae
1220 797 1255 860 in
1288 799 1477 880 uoluptates

349 933 468 977 eorum
490 913 726 995 inpenderent,
751 922 789 976 ut
808 932 925 976 eorum
948 933 1071 994 operas
1093 913 1312 987 redimerent,
1333 911 1386 974 his
1400 913 1477 994 ipsis

354 1028 487 1094 Sullam
510 1029 650 1111 eiusque
670 1029 831 1110 aequales
847 1047 942 1091 suam
957 1028 1103 1110 patriam
1122 1029 1279 1090 uenalem
1295 1028 1477 1090 reddidisse

351 1155 459 1226 utque
471 1146 668 1208 melioribus
680 1146 848 1227 imperare
860 1154 1016 1227 possent,
1034 1145 1112 1208 ideo
1127 1145 1350 1226 pessimorum
1366 1165 1478 1207 seruos

348 1256 460 1324 factos
477 1281 569 1327 esse:
587 1251 753 1348 ,,ταῦτα,”
769 1261 883 1343 pergit
895 1260 1114 1334 Plutarchus,
1132 1253 1317 1349 ,,ἐξήλαυνε
1335 1249 1475 1350 Μάριον,

349 1373 404 1445 εἶτ’
432 1373 527 1453 αὖθις
554 1373 607 1450 ἐνί
635 1373 762 1446 Σύλλαν
789 1381 928 1472 κατῆγε,
957 1379 1060 1444 ταῦτα
1087 1370 1276 1444 Ὀκταουίου
1307 1372 1382 1450 τοὺς
1408 1373 1478 1470 περὶ

349 1491 491 1589 Κίνναν,
532 1500 636 1565 ταῦτα
678 1491 827 1566 Φλάκκου
868 1494 943 1572 τοὺς
977 1493 1053 1591 περὶ
1087 1491 1250 1593 Φιμβρίαν
1286 1493 1478 1590 αὐτόχειρας

350 1614 506 1710 ἐποίησεν
525 1611 570 1690 ι).”

393 1821 492 1884 Pnur.
520 1842 568 1884 12.
597 1843 644 1899 13.
673 1843 710 1899 14
756 1820 869 1882 Piraei
892 1820 1058 1882 rationem
1081 1840 1150 1882 non
1172 1820 1294 1893 habet;
1321 1819 1480 1881 describit

349 1935 459 1996 solum
486 1935 697 1998 obsidionem
722 1934 779 1997 τοῦ
804 1926 901 2008 niceo<
921 1927 974 1997 καί
994 1933 1055 2024 τῆς
1077 1925 1147 1996 ἄνω
1167 1925 1307 2004 πόλεως.
1354 1933 1393 1994 In
1415 1929 1479 1995 fine

349 2054 485 2116 demum
509 2054 629 2135 capitis
658 2076 695 2132 14
719 2055 829 2118 dicit:'
849 2049 943 2143 „alpe
970 2047 1006 2117 δὲ
1031 2048 1084 2118 καί
1110 2048 1165 2116 τὀν
1192 2044 1363 2143 Πειραιᾱ.”

393 2165 547 2229 Aristion
570 2177 733 2248 tyrannus
757 2168 828 2229 dux
859 2176 911 2230 est
933 2166 1210 2240 Atheniensium;
1242 2167 1286 2228 de
1309 2165 1481 2229 Archelao

349 2301 392 2343 ne
415 2283 522 2344 uerbo
545 2282 682 2362 quidem
705 2283 833 2345 mentio
855 2280 902 2345 fit.
925 2282 987 2345 Est
1001 2283 1071 2357 hic,
1092 2291 1129 2345 ut
1143 2282 1314 2356 nouimus,
1331 2282 1375 2344 ad
1390 2301 1483 2343 mare

349 2397 495 2459 reiectus
526 2417 547 2458 a
577 2397 712 2460 Bruttio
744 2395 831 2461 Sura
857 2395 908 2480 (cf.
936 2418 968 2479 p.
998 2404 1039 2476 oq
1065 2397 1137 2479 sq.);
1170 2398 1317 2480 emergit
1347 2399 1483 2460 demum

350 2532 423 2593 cap.
452 2533 488 2590 15
516 2533 593 2576 cum
617 2513 726 2576 classe
750 2515 841 2595 apud
864 2513 1093 2610 Mpnychiam.

394 2627 499 2709 Apud
533 2628 615 2691 App.
650 2627 772 2692 Mz'lhr.
805 2650 886 2706 30—-
894 2650 936 2706 40
975 2638 1094 2692 contra
1126 2628 1320 2692 Archelaus
1357 2629 1485 2710 primas

349 2752 464 2824 partes
494 2745 576 2826 agit.
622 2745 763 2809 Piraeus
794 2745 1061 2808 circumsedetur
1091 2755 1193 2826 atque
1221 2746 1307 2808 haec
1331 2745 1484 2808 obsessio

350 2869 418 2934 est,
450 2860 504 2923 cui
534 2861 778 2923 describendae
808 2861 840 2923 ei
864 2871 942 2924 octo
966 2861 1080 2942 capita
1102 2880 1189 2942 opus
1211 2859 1323 2934 fuere,
1351 2860 1484 2923 Plutar-

350 2975 415 3038 cho
448 2997 487 3052 14
518 2983 627 3038 totam
657 2995 729 3038 rem
760 2976 867 3039 tribus
897 2976 1099 3038 absoluente
1130 2967 1300 3038 uersibus:
1327 2969 1421 3063 „rixa
1448 2967 1484 3037 δὲ

349 3087 401 3156 καί
434 3088 488 3156 τὸν
524 3085 663 3184 Πειραιᾶ
696 3085 765 3180 μετ’
794 3087 831 3156 οὐ
857 3086 960 3157 πολὺν
996 3087 1115 3185 χρόνον
1144 3089 1161 3156 ὁ
1189 3084 1334 3170 Σύλλας,
1362 3088 1415 3158 καί
1441 3086 1484 3157 τὰ

349 3205 467 3286 πλεῖςα
494 3209 703 3292 κατέκαυσεν,
728 3207 774 3275 ὧν
789 3206 844 3302 ’ἦν
865 3206 918 3276 καί
938 3210 961 3302 ἡ
981 3204 1128 3284 Φίλωνος
1145 3207 1167 3288 ²)
1191 3205 1383 3304 ὁπλοθήκη,
1404 3207 1484 3277 θαυ-

353 3326 539 3419 μαζόμενον
567 3325 694 3426 ἔργον.”
754 3409 759 3420 Ι

394 3447 470 3509 Hac
485 3467 566 3510 uero
585 3447 625 3510 de
643 3468 681 3510 re
699 3453 937 3538 nonpugnant
953 3446 1043 3510 ahter
1062 3468 1111 3522 se,
1133 3447 1248 3510 urbem
1261 3445 1369 3531 ipsam
1381 3445 1484 3531 prim

350 3583 371 3624 a
394 3560 492 3626 Sulla
514 3569 745 3647 expugnatam
769 3584 844 3626 esse
867 3584 969 3646 quam
993 3562 1166 3626 Pz'raeum.

398 3904 417 3984 ¹)
438 3907 538 3978 Lucu,
557 3905 642 3963 Plut.
659 3910 688 3962 et
703 3904 781 3978 App.
801 3923 831 3980 p.
856 3919 888 3977 7,
914 3901 999 3976 dicit,
1023 3922 1059 3962 ex
1079 3903 1139 3962 hoc
1158 3899 1226 3963 loc'o
1248 3903 1346 3980 sequi,
1368 3904 1484 3962 Plutar-

350 4004 440 4062 chum
471 4021 531 4061 non
553 4001 654 4061 omnia
674 4021 690 4061 e
711 3999 835 4061 Sullanis
856 4001 1046 4077 „memoriis”
1067 4002 1186 4062 habere.
1228 3999 1258 4060 Si
1279 4022 1332 4079 per
1354 4021 1485 4078 „memo-

351 4101 426 4160 rias”
440 4100 582 4178 intellegit
596 4098 846 4175 „commentarios
857 4100 972 4159 Sullae'·
995 4099 1022 4160 ei
1043 4100 1126 4178 quod
1140 4101 1179 4162 ad
1193 4101 1271 4160 hanc
1292 4121 1356 4160 rem
1369 4099 1484 4160 adtinet

350 4199 510 4260 adsentior.
538 4199 679 4260 Redeunt
699 4219 776 4276 quae
796 4199 825 4256 h.
847 4199 866 4258 l.
887 4201 983 4259 Prur.
1006 4199 1097 4259 tradit
1117 4199 1180 4259 siue
1200 4201 1240 4260 ad
1261 4219 1330 4259 eum
1351 4201 1484 4274 sontem,

351 4317 441 4376 quem
455 4319 484 4376 p.
501 4303 540 4372 64
551 4297 640 4359 citaui
650 4297 724 4377 (not.
737 4296 784 4376 ό),
795 4296 857 4357 siue
867 4298 991 4358 fortasse
1002 4299 1043 4358 ad
1053 4298 1143 4358 SALL.
1155 4300 1263 4358 Canu„
1275 4319 1301 4358 c.
1317 4319 1350 4359 11
1365 4307 1485 4376 §4sqq.

392 4397 417 4478 2)
438 4401 508 4458 Hoc
529 4396 792 4458 armamentarium
813 4407 877 4456 erat
898 4396 1027 4456 Philonis
1046 4396 1164 4457 medici.
1195 4399 1240 4458 Cf.
1261 4401 1357 4459 Prur.
1372 4407 1484 4475 quaest.

351 4499 508 4572 conuiual,
530 4496 581 4558 lib.
600 4500 658 4571 IV,
677 4505 791 4573 quaest.
807 4498 830 4568 1,
850 4497 897 4556 ed.
910 4497 1011 4556 Dubn.
1034 4498 1151 4570 Moral,
1170 4499 1237 4557 Vol.
1249 4500 1288 4558 II.
1300 4518 1330 4575 p.
1342 4500 1399 4558 802
1419 4517 1483 4574 sqq.
