3286 5272
223 738 446 804 Conferamus
481 763 570 825 quae
605 744 638 806 in
670 747 840 826 periochis
875 758 1012 811 seruata
1043 759 1120 812 sunt
1144 770 1221 812 cum
1247 749 1318 831 Ap-

175 854 287 936 piano.

229 996 312 1060 App.
328 999 370 1060 B.
390 998 424 1062 C.
441 999 466 1061 I.
485 1021 536 1078 35.

125 1110 722 1215 ,ΛίουιοςΔροῦσοςὸημαρχιῖννδεη·

94 1229 185 1301 θεῖσι
205 1240 271 1311 τοῖς
289 1230 487 1314 Ἰταλιώταις
505 1237 605 1330 νόμον
625 1237 721 1330 αὖθις

95 1353 286 1446 εἰςενεγκεῖν
335 1355 410 1452 περὶ
456 1364 516 1454 τῆς
555 1358 721 1438 πολιτείας

97 1472 276 1568 ὑπέσχετο.
292 1473 310 1543 ὃ
324 1474 360 1544 δὲ
373 1476 429 1545 τὸν
449 1477 556 1573 δῆμον
577 1480 610 1556 ἐς
623 1485 719 1549 τοῦτο

95 1591 364 1692 προθεραπεύων
387 1598 532 1694 ὑπήγετο
561 1599 721 1678 ἀποικίαις

95 1713 235 1792 πολλαῖς
267 1715 301 1793 ἔς
337 1741 372 1786 τε
405 1717 467 1812 τὴν
503 1714 641 1788 Ἰταλίαν
669 1722 721 1790 καὶ

98 1832 267 1929 Σικελίαν,
303 1837 547 1932 ἐψηφισμέναις
588 1839 647 1932 μὲν
685 1843 722 1910 ἐκ

98 1954 243 2049 πολλοῦ,
270 1959 451 2050 γεγονυίαις
475 1958 511 2027 δέ
529 1958 634 2030 οὔπω.
658 1962 721 2058 την

96 2100 134 2144 τε
170 2074 294 2173 βουλὴν
330 2077 383 2146 καὶ
416 2077 492 2156 τοὺς
522 2082 663 2175 ἱππέας,
692 2083 725 2151 οἳ

98 2194 222 2288 μάλιςα
249 2198 290 2293 δὴ
318 2197 392 2268 τότε
420 2199 576 2296 ἀλληλοις
604 2201 657 2272 διὰ
679 2202 721 2273 τὰ

97 2315 270 2414 δικαςίγρια
315 2317 524 2416 διεφέροντο,
566 2323 717 2419 ἐπικοίνῳ

98 2436 193 2533 νόμῳ
221 2447 416 2533 συναγαγεῖν
445 2441 630 2538 ἐπειρᾶτο.”

227 2567 311 2631 App.
327 2569 463 2634 B.C.I.
482 2577 533 2649 36.

151 2699 218 2795 „Oi
242 2699 422 2774 ’Ἰταλιῶται
442 2704 478 2774 δὲ
501 2705 583 2802 ὑπὲρ
608 2707 654 2774 ὧν
679 2708 720 2803 δὴ

98 2821 151 2890 καί
170 2819 325 2914 μάλιςαὸ
344 2821 492 2920 Δροῦσος
506 2830 609 2894 ταῦτα
630 2827 722 2923 ἐτέχ-

97 2941 193 3025 ναζε,
213 2941 265 3010 καὶ
292 2943 360 3012 οίδε
378 2944 453 3042 περὶ
475 2951 524 3041 τῖρ
544 2945 639 3042 νόμιρ
661 2954 722 3044 τῆς

98 3061 246 3140 ἀποικίας
273 3063 498 3149 ἐδεδοίκεσαν,
524 3067 576 3136 καὶ
612 3067 721 3137 πολλὰ

97 3181 150 3250 καί
172 3182 247 3280 περί
269 3189 330 3279 τῆς
351 3184 432 3262 ἰδίας
449 3187 720 3282 ἐνοχλησόμενοι.

98 3297 263 3398 Τυρρηνοί
284 3329 320 3372 τε
340 3305 392 3373 καί
411 3302 598 3404 Ὀμβρικοί,
618 3307 722 3378 ταύτὰ

98 3420 316 3513 δειμαίνοντες
339 3431 405 3502 τοῖς
429 3421 648 3521 Ἰταλιώταις,
670 3429 722 3497 καὶ

99 3541 143 3618 ὡς
162 3540 264 3612 ἐδόκει
278 3545 360 3640 πρὸς
374 3551 441 3614 τῶν
457 3544 591 3616 ὑπάτων
608 3549 641 3626 ές
660 3549 721 3642 τὴν

97 3661 190 3731 πόλιν
231 3662 439 3759 ἐπαχθέντες
475 3667 562 3763 ἔργῳ
600 3668 660 3760 μὲν
689 3671 723 3746 ἐς

99 3782 262 3879 ἀναίρεσιν
302 3782 455 3881 Δρούσου
495 3787 585 3881 λόγῳ
613 3788 648 3857 δὲ
689 3791 722 3866 ἐς
782 3866 785 3872 ,

97 3904 316 4000 κατηγορίαν,
341 3949 389 3956 -
419 3948 469 3956 —-
492 3907 555 4002 τὴν
583 3913 644 4003 τῆς
672 3908 722 3978 δο-

99 4024 251 4114 κιμασίας
285 4026 417 4122 ἡμέραν
460 4026 634 4119 ἀνέμενον.
675 4028 722 4095 ὧν

100 4145 116 4211 ὁ
144 4139 290 4239 Δροῦσος
325 4143 572 4239 αἰσθανόμενός
608 4172 643 4217 τε
670 4147 722 4217 καί

99 4305 143 4314 —-
232 4307 280 4314 —
298 4307 326 4317 -
364 4266 457 4335 ἔνδον
486 4269 521 4337 έν
549 4266 722 4364 περιπάτῳ

100 4427 147 4434 --
175 4426 224 4434 -
250 4427 300 4434 —
325 4388 543 4482 χρηματίζων
572 4388 643 4483 ἀεί,
670 4389 722 4459 καί

222 4560 241 4641 ¹)
263 4563 309 4622 Cf.
333 4563 429 4622 ORos
451 4565 490 4622 l.l.

911 1005 983 1068 Lrv.
999 1025 1070 1087 per,
1086 1005 1221 1069 LXXI.

822 1121 888 1197 „M.
922 1120 1039 1184 Liuius
1073 1121 1207 1184 Drusus
1246 1122 1400 1184 tribunus

773 1236 885 1317 plebis
897 1246 952 1311 ‚ut
964 1237 1149 1300 maioribus
1161 1237 1290 1299 uiribus
1303 1258 1399 1300 sena·

774 1362 828 1415 tus
852 1374 991 1416 causam
1020 1364 1214 1435 susceptam
1238 1363 1399 1428 tueretur,

774 1469 886 1532 socios
922 1479 958 1533 et
993 1470 1134 1532 Italicos
1166 1470 1315 1551 populos
1337 1490 1399 1551 spe

775 1585 922 1648 ciuitatis
969 1585 1152 1647 Romanae
1194 1585 1400 1649 sollicitauit.

774 1699 901 1780 Eisque
926 1699 1169 1763 adiuuantibus
1186 1720 1249 1782 per
1264 1700 1333 1763 uim
1353 1701 1401 1764 le·

775 1816 878 1897 gibus
917 1817 1060 1899 agrariis
1105 1816 1400 1899 frumentariisque

775 1932 854 1994 latis
870 1933 1080 1996 iudiciariam
1093 1953 1229 2016 quoque
1241 1934 1400 2015 pertulit,

776 2059 813 2110 ut
847 2070 958 2131 aequa
995 2059 1093 2131 parte
1132 2050 1256 2113 iudicia
1294 2071 1400 2132 penes

775 2173 931 2227 senatum
962 2174 997 2228 et
1030 2174 1224 2247 equestrem
1247 2166 1401 2228 ordinem

776 2280 916 2344 essent.”

999 2572 1069 2637 Lrv.
1086 2575 1166 2636 ibid.

823 2707 931 2782 „Cum
953 2707 1077 2776 deinde
1100 2707 1269 2788 promissa
1298 2707 1399 2770 sociis

776 2822 896 2884 ciuitas
912 2823 1079 2903 praestari
1091 2843 1159 2885 non
1174 2832 1307 2904 posset,
1322 2823 1400 2886 irati

775 2937 886 3001 Italici
910 2938 1139 3003 defectionem
1162 2939 1295 3021 agitare
1323 2959 1399 3002 coe·

774 3063 906 3137 perunt.
919 3055 1048 3118 Eorum
1064 3054 1230 3117 coitiones
1247 3055 1399 3117 coniura-

775 3171 955 3251 tionesque
969 3180 1004 3233 et
1017 3171 1189 3233 orationes
1200 3171 1235 3232 in
1247 3170 1400 3233 conciliis

775 3288 966 3369 principum
1008 3285 1207 3349 referuntur.
1253 3286 1400 3367 Propter

774 3423 862 3484 quae
875 3402 993 3465 Liuius
1006 3401 1140 3464 Drusus
1155 3401 1283 3464 inuisus
1296 3402 1399 3464 etiam

775 3519 909 3581 senatui
921 3517 1048 3593 factus,
1061 3519 1158 3581 uelut
1167 3517 1304 3580 socialis
1313 3517 1398 3580 belli

776 3644 902 3709 auctor,
941 3635 1107 3697 incertum
1139 3656 1160 3696 a
1191 3655 1275 3716 quo,
1307 3635 1399 3697 domi

776 3751 909 3813 occisus
932 3759 985 3813 est
1002 3747 1053 3831 ι).”
