3286 5272
692 549 732 606 33

137 719 173 782 in
206 731 331 785 terram
361 723 550 805 egreditur,
582 743 712 797 seruos,
749 723 905 796 colonos,
929 731 1085 802 pastores
1115 729 1284 784 conuocat

135 837 333 919 Cinnaeque
359 859 396 902 se
421 859 498 901 cum
522 838 630 920 copiis
661 839 714 901 his
738 837 923 920 coniungit.
948 837 1032 901 Post
1054 838 1141 900 haec
1166 837 1282 901 statim

136 955 181 1016 ad
204 955 325 1017 urbem
348 952 607 1036 proficiscuntur
629 955 887 1036 Ianiculumque
911 963 1089 1035 occupant.

182 1069 279 1132 Urbe
311 1080 413 1152 capta
441 1071 539 1133 multi
569 1068 702 1134 Sullani
732 1069 846 1133 necati
869 1079 955 1132 sunt.
987 1069 1131 1144 Marius,
1154 1069 1283 1152 primus

135 1186 287 1248 omnium
321 1187 496 1249 hominum
531 1187 713 1269 septimum
750 1186 869 1248 consul
901 1195 1052 1260 creatus,
1075 1195 1190 1249 tamen
1214 1205 1283 1247 non

135 1302 196 1364 diu
219 1322 321 1384 porro
345 1302 445 1377 uixit,
469 1323 549 1364 nam
566 1303 700 1365 decimo
724 1302 871 1383 septimo
893 1303 994 1364 huius
1014 1302 1211 1365 consulatus
1227 1301 1282 1364 die

134 1427 292 1481 mortuus
317 1428 379 1482 est.

179 1533 264 1597 Aur.
288 1535 329 1598 B.
349 1534 383 1598 C.
400 1533 423 1597 Ι.
452 1555 468 1612 5
474 1555 559 1615 5-7
565 1555 593 1612 5.
617 1534 746 1598 Marius
770 1534 808 1596 P.
834 1531 1024 1615 Sulpicium
1039 1533 1212 1597 tribunum
1234 1533 1283 1595 in·

135 1651 242 1724 ducit,
266 1660 305 1714 ut
327 1652 392 1714 sibi
415 1651 513 1714 adsit.
537 1651 604 1715 Hic
628 1652 671 1715 de
684 1651 782 1713 nouis
795 1650 927 1713 ciuibus
943 1651 1059 1733 legem
1075 1650 1282 1732 promulgat.
1397 1661 1399 1664 ’

134 1766 303 1830 Consules
324 1766 427 1830 ferias
442 1767 609 1842 indicunt,
627 1787 712 1849 quas
727 1787 810 1829 mox
825 1786 940 1829 rursus
960 1767 1083 1829 tollere
1101 1775 1280 1849 coguntur.

138 1879 312 1965 Sulpicius
333 1881 432 1947 Sulla
452 1883 605 1965 Capuam
620 1881 776 1965 profecto
789 1884 870 1966 lege
884 1882 1029 1945 Marium
1041 1882 1283 1963 imperatorem

136 1999 223 2061 belli
244 1998 476 2064 Mithradatici
494 2001 662 2082 designat.
687 1997 785 2063 Sulla
802 1999 950 2081 cognitis
966 2019 1054 2080 quae
1072 2007 1191 2062 contra
1206 2019 1283 2062 sese

135 2114 286 2178 Mariani
328 2116 610 2178 machinabantur
645 2115 771 2179 milites
806 2116 851 2177 ad
885 2115 1078 2178 contionem
1114 2124 1283 2179 conuocat

135 2233 480 2313 commemoratisque
504 2232 645 2306 iniuriiS,
669 2232 792 2312 quibus
812 2242 903 2294 esset
919 2230 1076 2294 adfectus
1092 2252 1113 2293 a
1129 2229 1282 2312 Sulpicio

134 2346 330 2428 Marioque,
361 2348 532 2421 hortatur,
566 2357 604 2410 ut
635 2348 680 2408 ad
709 2348 801 2409 iussa
829 2346 987 2410 facienda
1009 2347 1076 2410 sint
1100 2347 1220 2428 parati.
1252 2347 1281 2409 Ii

134 2484 210 2526 sese
235 2466 327 2526 bono
351 2464 465 2527 animo
490 2484 566 2526 esse
590 2461 799 2526 confirmant.
824 2461 919 2545 Quos
932 2462 1112 2526 confestim
1128 2463 1279 2526 Romam

135 2601 254 2643 uersus
278 2581 416 2645 ducenti
439 2577 557 2644 Sullae
582 2579 728 2643 occurrit
752 2579 900 2662 conlega
916 2579 1110 2662 Pompeius,
1139 2579 1282 2662 Legatis

49 2777 52 2782 Ι
136 2717 157 2758 a
180 2696 294 2759 Mario
318 2706 353 2760 et
376 2695 529 2777 Sulpicio
554 2706 717 2777 tanquam
740 2705 876 2759 senatus
900 2697 1036 2759 nomine
1068 2697 1195 2770 missis,
1224 2697 1281 2778 qui

134 2814 367 2894 postularent,
408 2833 452 2875 ne
489 2813 578 2877 intra
613 2813 767 2894 quintum
802 2813 846 2874 ab
881 2813 966 2876 urbe
990 2813 1142 2894 lapidem
1166 2822 1278 2876 castra

135 2939 336 3003 metaretur,
368 2930 485 2992 adnuit
508 2929 645 3011 quidem
678 2927 789 3003 Sulla,
821 2930 884 2991 sed
906 2931 1073 2993 abeuntes
1096 2930 1280 2993 eosdeme

137 3045 286 3127 uestigio
317 3045 477 3126 sequitur.
527 3045 614 3108 Mox
648 3045 758 3126 prima
790 3045 862 3107 eius
897 3045 1035 3127 generis
1070 3046 1158 3109 intra
1188 3045 1280 3107 urbis

136 3162 272 3224 moenia
304 3161 525 3225 committitur
558 3182 696 3244 pugna,
732 3183 751 3224 e
783 3183 851 3243 qua
882 3159 982 3225 Sulla
1013 3162 1122 3224 uictor
1155 3163 1279 3224 euadit.

136 3275 280 3341 Postero
316 3278 370 3341 die
407 3289 614 3342 conuocatur
643 3278 763 3360 populi
791 3279 924 3358 conti0‚
956 3279 991 3340 in
1027 3298 1094 3359 qua
1124 3276 1222 3342 Sulla
1245 3288 1280 3340 et

136 3391 322 3474 Pompeius
361 3395 404 3456 de
447 3402 538 3457 statu
576 3393 625 3456 rei
661 3393 822 3475 publicae
862 3393 1038 3475 conquesti
1083 3393 1278 3474 postulant,

137 3509 275 3572 comitia
320 3510 444 3572 abhinc
489 3530 558 3572 non
596 3510 724 3573 tributa
759 3511 820 3572 sed
855 3510 1044 3573 centuriata
1082 3531 1128 3573 ex
1166 3507 1279 3573 Servii

137 3625 240 3688 Tullii
261 3625 416 3688 instituto
447 3625 567 3687 haberi
591 3625 823 3708 abrogarique
846 3645 1069 3706 quaecunque
1086 3645 1107 3686 a
1122 3623 1277 3706 Sulpicio

138 3751 215 3804 acta
247 3741 390 3805 fuissent
427 3751 507 3823 post
542 3741 705 3804 indictum
739 3763 760 3803 a
795 3741 990 3804 consulibus
1026 3741 1205 3816 iustitium,
1241 3751 1278 3804 ut

137 3877 204 3920 non
227 3858 392 3941 legitima.
416 3856 468 3920 Ita
490 3858 639 3939 populus
662 3859 766 3921 iussit.

181 3973 254 4035 Iam
272 3994 355 4036 uero
371 3974 488 4037 hostes
504 3974 553 4035 rei
569 3973 729 4055 publicae
744 3973 936 4037 iudicantur
947 3972 1133 4056 Sulpicius,
1150 3972 1278 4037 Marius

139 4090 265 4165 senior,
295 4089 424 4153 Marius
452 4089 578 4163 iunior,
608 4089 646 4152 P.
676 4088 867 4172 CetheguS,
902 4090 1018 4152 Iunius
1041 4091 1180 4164 Brutus,
1218 4089 1276 4153 Cn.

140 4212 173 4265 et
204 4203 243 4286 Q.
269 4204 400 4280 Granii,
423 4205 461 4267 P.
485 4205 738 4279 AlbinouanuS,
766 4205 813 4267 M.
836 4204 1028 4279 Laetorius
1053 4205 1111 4268 alii
1134 4224 1275 4267 numero

139 4315 208 4382 fere
231 4321 422 4385 duodecim.
468 4320 597 4383 Marius
620 4330 750 4395 autem,
778 4341 823 4383 ex
848 4321 1024 4384 hominum
1038 4319 1275 4402 indagantium

141 4437 295 4501 manibus
333 4439 486 4519 elapsus,
521 4437 712 4501 Minturnas
735 4438 901 4519 peruenit.
956 4436 1083 4519 Oppidi
1107 4437 1179 4499 eius
1202 4457 1271 4499 ma-

142 4551 301 4630 gistratus
338 4554 511 4616 hominem
550 4552 687 4617 Gallum
723 4554 767 4615 ad
808 4554 1000 4616 necandum
1038 4553 1201 4626 Marium,
1237 4553 1270 4615 in

1154 4667 1170 4718 3
